ts,sym,bid,ask,bsz,asz
2025-09-03T09:30:00,DEMO,99.990000,100.010000,300,280
2025-09-03T09:30:00.010000,DEMO,99.990000,100.010000,301,283
2025-09-03T09:30:00.020000,DEMO,99.990000,100.010000,302,286
2025-09-03T09:30:00.030000,DEMO,99.990000,100.010000,303,289
2025-09-03T09:30:00.040000,DEMO,99.990000,100.010000,304,292
2025-09-03T09:30:00.050000,DEMO,99.990000,100.010000,305,295
2025-09-03T09:30:00.060000,DEMO,99.990000,100.010000,306,298
2025-09-03T09:30:00.070000,DEMO,100.000000,100.020000,307,301
2025-09-03T09:30:00.080000,DEMO,100.000000,100.020000,308,304
2025-09-03T09:30:00.090000,DEMO,100.000000,100.020000,309,307
2025-09-03T09:30:00.100000,DEMO,100.000000,100.020000,310,310
2025-09-03T09:30:00.110000,DEMO,100.000000,100.020000,311,313
2025-09-03T09:30:00.120000,DEMO,100.000000,100.020000,312,316
2025-09-03T09:30:00.130000,DEMO,99.980000,100.000000,313,319
2025-09-03T09:30:00.140000,DEMO,99.990000,100.010000,314,322
2025-09-03T09:30:00.150000,DEMO,99.990000,100.010000,315,325
2025-09-03T09:30:00.160000,DEMO,99.990000,100.010000,316,328
2025-09-03T09:30:00.170000,DEMO,99.990000,100.010000,317,281
2025-09-03T09:30:00.180000,DEMO,99.990000,100.010000,318,284
2025-09-03T09:30:00.190000,DEMO,99.990000,100.010000,319,287
2025-09-03T09:30:00.200000,DEMO,99.990000,100.010000,320,290
2025-09-03T09:30:00.210000,DEMO,100.000000,100.020000,321,293
2025-09-03T09:30:00.220000,DEMO,100.000000,100.020000,322,296
2025-09-03T09:30:00.230000,DEMO,100.000000,100.020000,323,299
2025-09-03T09:30:00.240000,DEMO,100.000000,100.020000,324,302
2025-09-03T09:30:00.250000,DEMO,100.000000,100.020000,325,305
2025-09-03T09:30:00.260000,DEMO,99.980000,100.000000,326,308
2025-09-03T09:30:00.270000,DEMO,99.980000,100.000000,327,311
2025-09-03T09:30:00.280000,DEMO,99.990000,100.010000,328,314
2025-09-03T09:30:00.290000,DEMO,99.990000,100.010000,329,317
2025-09-03T09:30:00.300000,DEMO,99.990000,100.010000,330,320
2025-09-03T09:30:00.310000,DEMO,99.990000,100.010000,331,323
2025-09-03T09:30:00.320000,DEMO,99.990000,100.010000,332,326
2025-09-03T09:30:00.330000,DEMO,99.990000,100.010000,333,329
2025-09-03T09:30:00.340000,DEMO,99.990000,100.010000,334,282
2025-09-03T09:30:00.350000,DEMO,100.000000,100.020000,335,285
2025-09-03T09:30:00.360000,DEMO,100.000000,100.020000,336,288
2025-09-03T09:30:00.370000,DEMO,100.000000,100.020000,337,291
2025-09-03T09:30:00.380000,DEMO,100.000000,100.020000,338,294
2025-09-03T09:30:00.390000,DEMO,99.980000,100.000000,339,297
2025-09-03T09:30:00.400000,DEMO,99.980000,100.000000,340,300
2025-09-03T09:30:00.410000,DEMO,99.980000,100.000000,341,303
2025-09-03T09:30:00.420000,DEMO,99.990000,100.010000,342,306
2025-09-03T09:30:00.430000,DEMO,99.990000,100.010000,343,309
2025-09-03T09:30:00.440000,DEMO,99.990000,100.010000,344,312
2025-09-03T09:30:00.450000,DEMO,99.990000,100.010000,345,315
2025-09-03T09:30:00.460000,DEMO,99.990000,100.010000,346,318
2025-09-03T09:30:00.470000,DEMO,99.990000,100.010000,347,321
2025-09-03T09:30:00.480000,DEMO,99.990000,100.010000,348,324
2025-09-03T09:30:00.490000,DEMO,100.000000,100.020000,349,327
2025-09-03T09:30:00.500000,DEMO,100.000000,100.020000,300,280
2025-09-03T09:30:00.510000,DEMO,100.000000,100.020000,301,283
2025-09-03T09:30:00.520000,DEMO,99.980000,100.000000,302,286
2025-09-03T09:30:00.530000,DEMO,99.980000,100.000000,303,289
2025-09-03T09:30:00.540000,DEMO,99.980000,100.000000,304,292
2025-09-03T09:30:00.550000,DEMO,99.980000,100.000000,305,295
2025-09-03T09:30:00.560000,DEMO,99.990000,100.010000,306,298
2025-09-03T09:30:00.570000,DEMO,99.990000,100.010000,307,301
2025-09-03T09:30:00.580000,DEMO,99.990000,100.010000,308,304
2025-09-03T09:30:00.590000,DEMO,99.990000,100.010000,309,307
2025-09-03T09:30:00.600000,DEMO,99.990000,100.010000,310,310
2025-09-03T09:30:00.610000,DEMO,99.990000,100.010000,311,313
2025-09-03T09:30:00.620000,DEMO,99.990000,100.010000,312,316
2025-09-03T09:30:00.630000,DEMO,100.000000,100.020000,313,319
2025-09-03T09:30:00.640000,DEMO,100.000000,100.020000,314,322
2025-09-03T09:30:00.650000,DEMO,99.980000,100.000000,315,325
2025-09-03T09:30:00.660000,DEMO,99.980000,100.000000,316,328
2025-09-03T09:30:00.670000,DEMO,99.980000,100.000000,317,281
2025-09-03T09:30:00.680000,DEMO,99.980000,100.000000,318,284
2025-09-03T09:30:00.690000,DEMO,99.980000,100.000000,319,287
2025-09-03T09:30:00.700000,DEMO,99.990000,100.010000,320,290
2025-09-03T09:30:00.710000,DEMO,99.990000,100.010000,321,293
2025-09-03T09:30:00.720000,DEMO,99.990000,100.010000,322,296
2025-09-03T09:30:00.730000,DEMO,99.990000,100.010000,323,299
2025-09-03T09:30:00.740000,DEMO,99.990000,100.010000,324,302
2025-09-03T09:30:00.750000,DEMO,99.990000,100.010000,325,305
2025-09-03T09:30:00.760000,DEMO,99.990000,100.010000,326,308
2025-09-03T09:30:00.770000,DEMO,100.000000,100.020000,327,311
2025-09-03T09:30:00.780000,DEMO,99.980000,100.000000,328,314
2025-09-03T09:30:00.790000,DEMO,99.980000,100.000000,329,317
2025-09-03T09:30:00.800000,DEMO,99.980000,100.000000,330,320
2025-09-03T09:30:00.810000,DEMO,99.980000,100.000000,331,323
2025-09-03T09:30:00.820000,DEMO,99.980000,100.000000,332,326
2025-09-03T09:30:00.830000,DEMO,99.980000,100.000000,333,329
2025-09-03T09:30:00.840000,DEMO,99.990000,100.010000,334,282
2025-09-03T09:30:00.850000,DEMO,99.990000,100.010000,335,285
2025-09-03T09:30:00.860000,DEMO,99.990000,100.010000,336,288
2025-09-03T09:30:00.870000,DEMO,99.990000,100.010000,337,291
2025-09-03T09:30:00.880000,DEMO,99.990000,100.010000,338,294
2025-09-03T09:30:00.890000,DEMO,99.990000,100.010000,339,297
2025-09-03T09:30:00.900000,DEMO,99.990000,100.010000,340,300
2025-09-03T09:30:00.910000,DEMO,99.980000,100.000000,341,303
2025-09-03T09:30:00.920000,DEMO,99.980000,100.000000,342,306
2025-09-03T09:30:00.930000,DEMO,99.980000,100.000000,343,309
2025-09-03T09:30:00.940000,DEMO,99.980000,100.000000,344,312
2025-09-03T09:30:00.950000,DEMO,99.980000,100.000000,345,315
2025-09-03T09:30:00.960000,DEMO,99.980000,100.000000,346,318
2025-09-03T09:30:00.970000,DEMO,99.980000,100.000000,347,321
2025-09-03T09:30:00.980000,DEMO,99.990000,100.010000,348,324
2025-09-03T09:30:00.990000,DEMO,99.990000,100.010000,349,327
2025-09-03T09:30:01,DEMO,99.990000,100.010000,300,280
2025-09-03T09:30:01.010000,DEMO,99.990000,100.010000,301,283
2025-09-03T09:30:01.020000,DEMO,99.990000,100.010000,302,286
2025-09-03T09:30:01.030000,DEMO,99.990000,100.010000,303,289
2025-09-03T09:30:01.040000,DEMO,99.970000,99.990000,304,292
2025-09-03T09:30:01.050000,DEMO,99.980000,100.000000,305,295
2025-09-03T09:30:01.060000,DEMO,99.980000,100.000000,306,298
2025-09-03T09:30:01.070000,DEMO,99.980000,100.000000,307,301
2025-09-03T09:30:01.080000,DEMO,99.980000,100.000000,308,304
2025-09-03T09:30:01.090000,DEMO,99.980000,100.000000,309,307
2025-09-03T09:30:01.100000,DEMO,99.980000,100.000000,310,310
2025-09-03T09:30:01.110000,DEMO,99.980000,100.000000,311,313
2025-09-03T09:30:01.120000,DEMO,99.990000,100.010000,312,316
2025-09-03T09:30:01.130000,DEMO,99.990000,100.010000,313,319
2025-09-03T09:30:01.140000,DEMO,99.990000,100.010000,314,322
2025-09-03T09:30:01.150000,DEMO,99.990000,100.010000,315,325
2025-09-03T09:30:01.160000,DEMO,99.990000,100.010000,316,328
2025-09-03T09:30:01.170000,DEMO,99.970000,99.990000,317,281
2025-09-03T09:30:01.180000,DEMO,99.970000,99.990000,318,284
2025-09-03T09:30:01.190000,DEMO,99.980000,100.000000,319,287
2025-09-03T09:30:01.200000,DEMO,99.980000,100.000000,320,290
2025-09-03T09:30:01.210000,DEMO,99.980000,100.000000,321,293
2025-09-03T09:30:01.220000,DEMO,99.980000,100.000000,322,296
2025-09-03T09:30:01.230000,DEMO,99.980000,100.000000,323,299
2025-09-03T09:30:01.240000,DEMO,99.980000,100.000000,324,302
2025-09-03T09:30:01.250000,DEMO,99.980000,100.000000,325,305
2025-09-03T09:30:01.260000,DEMO,99.990000,100.010000,326,308
2025-09-03T09:30:01.270000,DEMO,99.990000,100.010000,327,311
2025-09-03T09:30:01.280000,DEMO,99.990000,100.010000,328,314
2025-09-03T09:30:01.290000,DEMO,99.990000,100.010000,329,317
2025-09-03T09:30:01.300000,DEMO,99.970000,99.990000,330,320
2025-09-03T09:30:01.310000,DEMO,99.970000,99.990000,331,323
2025-09-03T09:30:01.320000,DEMO,99.970000,99.990000,332,326
2025-09-03T09:30:01.330000,DEMO,99.980000,100.000000,333,329
2025-09-03T09:30:01.340000,DEMO,99.980000,100.000000,334,282
2025-09-03T09:30:01.350000,DEMO,99.980000,100.000000,335,285
2025-09-03T09:30:01.360000,DEMO,99.980000,100.000000,336,288
2025-09-03T09:30:01.370000,DEMO,99.980000,100.000000,337,291
2025-09-03T09:30:01.380000,DEMO,99.980000,100.000000,338,294
2025-09-03T09:30:01.390000,DEMO,99.980000,100.000000,339,297
2025-09-03T09:30:01.400000,DEMO,99.990000,100.010000,340,300
2025-09-03T09:30:01.410000,DEMO,99.990000,100.010000,341,303
2025-09-03T09:30:01.420000,DEMO,99.990000,100.010000,342,306
2025-09-03T09:30:01.430000,DEMO,99.970000,99.990000,343,309
2025-09-03T09:30:01.440000,DEMO,99.970000,99.990000,344,312
2025-09-03T09:30:01.450000,DEMO,99.970000,99.990000,345,315
2025-09-03T09:30:01.460000,DEMO,99.970000,99.990000,346,318
2025-09-03T09:30:01.470000,DEMO,99.980000,100.000000,347,321
2025-09-03T09:30:01.480000,DEMO,99.980000,100.000000,348,324
2025-09-03T09:30:01.490000,DEMO,99.980000,100.000000,349,327
2025-09-03T09:30:01.500000,DEMO,99.980000,100.000000,300,280
2025-09-03T09:30:01.510000,DEMO,99.980000,100.000000,301,283
2025-09-03T09:30:01.520000,DEMO,99.980000,100.000000,302,286
2025-09-03T09:30:01.530000,DEMO,99.980000,100.000000,303,289
2025-09-03T09:30:01.540000,DEMO,99.990000,100.010000,304,292
2025-09-03T09:30:01.550000,DEMO,99.990000,100.010000,305,295
2025-09-03T09:30:01.560000,DEMO,99.970000,99.990000,306,298
2025-09-03T09:30:01.570000,DEMO,99.970000,99.990000,307,301
2025-09-03T09:30:01.580000,DEMO,99.970000,99.990000,308,304
2025-09-03T09:30:01.590000,DEMO,99.970000,99.990000,309,307
2025-09-03T09:30:01.600000,DEMO,99.970000,99.990000,310,310
2025-09-03T09:30:01.610000,DEMO,99.980000,100.000000,311,313
2025-09-03T09:30:01.620000,DEMO,99.980000,100.000000,312,316
2025-09-03T09:30:01.630000,DEMO,99.980000,100.000000,313,319
2025-09-03T09:30:01.640000,DEMO,99.980000,100.000000,314,322
2025-09-03T09:30:01.650000,DEMO,99.980000,100.000000,315,325
2025-09-03T09:30:01.660000,DEMO,99.980000,100.000000,316,328
2025-09-03T09:30:01.670000,DEMO,99.980000,100.000000,317,281
2025-09-03T09:30:01.680000,DEMO,99.990000,100.010000,318,284
2025-09-03T09:30:01.690000,DEMO,99.970000,99.990000,319,287
2025-09-03T09:30:01.700000,DEMO,99.970000,99.990000,320,290
2025-09-03T09:30:01.710000,DEMO,99.970000,99.990000,321,293
2025-09-03T09:30:01.720000,DEMO,99.970000,99.990000,322,296
2025-09-03T09:30:01.730000,DEMO,99.970000,99.990000,323,299
2025-09-03T09:30:01.740000,DEMO,99.970000,99.990000,324,302
2025-09-03T09:30:01.750000,DEMO,99.980000,100.000000,325,305
2025-09-03T09:30:01.760000,DEMO,99.980000,100.000000,326,308
2025-09-03T09:30:01.770000,DEMO,99.980000,100.000000,327,311
2025-09-03T09:30:01.780000,DEMO,99.980000,100.000000,328,314
2025-09-03T09:30:01.790000,DEMO,99.980000,100.000000,329,317
2025-09-03T09:30:01.800000,DEMO,99.980000,100.000000,330,320
2025-09-03T09:30:01.810000,DEMO,99.980000,100.000000,331,323
2025-09-03T09:30:01.820000,DEMO,99.970000,99.990000,332,326
2025-09-03T09:30:01.830000,DEMO,99.970000,99.990000,333,329
2025-09-03T09:30:01.840000,DEMO,99.970000,99.990000,334,282
2025-09-03T09:30:01.850000,DEMO,99.970000,99.990000,335,285
2025-09-03T09:30:01.860000,DEMO,99.970000,99.990000,336,288
2025-09-03T09:30:01.870000,DEMO,99.970000,99.990000,337,291
2025-09-03T09:30:01.880000,DEMO,99.970000,99.990000,338,294
2025-09-03T09:30:01.890000,DEMO,99.980000,100.000000,339,297
2025-09-03T09:30:01.900000,DEMO,99.980000,100.000000,340,300
2025-09-03T09:30:01.910000,DEMO,99.980000,100.000000,341,303
2025-09-03T09:30:01.920000,DEMO,99.980000,100.000000,342,306
2025-09-03T09:30:01.930000,DEMO,99.980000,100.000000,343,309
2025-09-03T09:30:01.940000,DEMO,99.980000,100.000000,344,312
2025-09-03T09:30:01.950000,DEMO,99.960000,99.980000,345,315
2025-09-03T09:30:01.960000,DEMO,99.970000,99.990000,346,318
2025-09-03T09:30:01.970000,DEMO,99.970000,99.990000,347,321
2025-09-03T09:30:01.980000,DEMO,99.970000,99.990000,348,324
2025-09-03T09:30:01.990000,DEMO,99.970000,99.990000,349,327
2025-09-03T09:30:02,DEMO,99.970000,99.990000,300,280
2025-09-03T09:30:02.010000,DEMO,99.970000,99.990000,301,283
2025-09-03T09:30:02.020000,DEMO,99.970000,99.990000,302,286
2025-09-03T09:30:02.030000,DEMO,99.980000,100.000000,303,289
2025-09-03T09:30:02.040000,DEMO,99.980000,100.000000,304,292
2025-09-03T09:30:02.050000,DEMO,99.980000,100.000000,305,295
2025-09-03T09:30:02.060000,DEMO,99.980000,100.000000,306,298
2025-09-03T09:30:02.070000,DEMO,99.980000,100.000000,307,301
2025-09-03T09:30:02.080000,DEMO,99.960000,99.980000,308,304
2025-09-03T09:30:02.090000,DEMO,99.960000,99.980000,309,307
2025-09-03T09:30:02.100000,DEMO,99.970000,99.990000,310,310
2025-09-03T09:30:02.110000,DEMO,99.970000,99.990000,311,313
2025-09-03T09:30:02.120000,DEMO,99.970000,99.990000,312,316
2025-09-03T09:30:02.130000,DEMO,99.970000,99.990000,313,319
2025-09-03T09:30:02.140000,DEMO,99.970000,99.990000,314,322
2025-09-03T09:30:02.150000,DEMO,99.970000,99.990000,315,325
2025-09-03T09:30:02.160000,DEMO,99.970000,99.990000,316,328
2025-09-03T09:30:02.170000,DEMO,99.980000,100.000000,317,281
2025-09-03T09:30:02.180000,DEMO,99.980000,100.000000,318,284
2025-09-03T09:30:02.190000,DEMO,99.980000,100.000000,319,287
2025-09-03T09:30:02.200000,DEMO,99.980000,100.000000,320,290
2025-09-03T09:30:02.210000,DEMO,99.960000,99.980000,321,293
2025-09-03T09:30:02.220000,DEMO,99.960000,99.980000,322,296
2025-09-03T09:30:02.230000,DEMO,99.960000,99.980000,323,299
2025-09-03T09:30:02.240000,DEMO,99.970000,99.990000,324,302
2025-09-03T09:30:02.250000,DEMO,99.970000,99.990000,325,305
2025-09-03T09:30:02.260000,DEMO,99.970000,99.990000,326,308
2025-09-03T09:30:02.270000,DEMO,99.970000,99.990000,327,311
2025-09-03T09:30:02.280000,DEMO,99.970000,99.990000,328,314
2025-09-03T09:30:02.290000,DEMO,99.970000,99.990000,329,317
2025-09-03T09:30:02.300000,DEMO,99.970000,99.990000,330,320
2025-09-03T09:30:02.310000,DEMO,99.980000,100.000000,331,323
2025-09-03T09:30:02.320000,DEMO,99.980000,100.000000,332,326
2025-09-03T09:30:02.330000,DEMO,99.980000,100.000000,333,329
2025-09-03T09:30:02.340000,DEMO,99.960000,99.980000,334,282
2025-09-03T09:30:02.350000,DEMO,99.960000,99.980000,335,285
2025-09-03T09:30:02.360000,DEMO,99.960000,99.980000,336,288
2025-09-03T09:30:02.370000,DEMO,99.960000,99.980000,337,291
2025-09-03T09:30:02.380000,DEMO,99.970000,99.990000,338,294
2025-09-03T09:30:02.390000,DEMO,99.970000,99.990000,339,297
2025-09-03T09:30:02.400000,DEMO,99.970000,99.990000,340,300
2025-09-03T09:30:02.410000,DEMO,99.970000,99.990000,341,303
2025-09-03T09:30:02.420000,DEMO,99.970000,99.990000,342,306
2025-09-03T09:30:02.430000,DEMO,99.970000,99.990000,343,309
2025-09-03T09:30:02.440000,DEMO,99.970000,99.990000,344,312
2025-09-03T09:30:02.450000,DEMO,99.980000,100.000000,345,315
2025-09-03T09:30:02.460000,DEMO,99.980000,100.000000,346,318
2025-09-03T09:30:02.470000,DEMO,99.960000,99.980000,347,321
2025-09-03T09:30:02.480000,DEMO,99.960000,99.980000,348,324
2025-09-03T09:30:02.490000,DEMO,99.960000,99.980000,349,327
2025-09-03T09:30:02.500000,DEMO,99.960000,99.980000,300,280
2025-09-03T09:30:02.510000,DEMO,99.960000,99.980000,301,283
2025-09-03T09:30:02.520000,DEMO,99.970000,99.990000,302,286
2025-09-03T09:30:02.530000,DEMO,99.970000,99.990000,303,289
2025-09-03T09:30:02.540000,DEMO,99.970000,99.990000,304,292
2025-09-03T09:30:02.550000,DEMO,99.970000,99.990000,305,295
2025-09-03T09:30:02.560000,DEMO,99.970000,99.990000,306,298
2025-09-03T09:30:02.570000,DEMO,99.970000,99.990000,307,301
2025-09-03T09:30:02.580000,DEMO,99.970000,99.990000,308,304
2025-09-03T09:30:02.590000,DEMO,99.980000,100.000000,309,307
2025-09-03T09:30:02.600000,DEMO,99.960000,99.980000,310,310
2025-09-03T09:30:02.610000,DEMO,99.960000,99.980000,311,313
2025-09-03T09:30:02.620000,DEMO,99.960000,99.980000,312,316
2025-09-03T09:30:02.630000,DEMO,99.960000,99.980000,313,319
2025-09-03T09:30:02.640000,DEMO,99.960000,99.980000,314,322
2025-09-03T09:30:02.650000,DEMO,99.960000,99.980000,315,325
2025-09-03T09:30:02.660000,DEMO,99.970000,99.990000,316,328
2025-09-03T09:30:02.670000,DEMO,99.970000,99.990000,317,281
2025-09-03T09:30:02.680000,DEMO,99.970000,99.990000,318,284
2025-09-03T09:30:02.690000,DEMO,99.970000,99.990000,319,287
2025-09-03T09:30:02.700000,DEMO,99.970000,99.990000,320,290
2025-09-03T09:30:02.710000,DEMO,99.970000,99.990000,321,293
2025-09-03T09:30:02.720000,DEMO,99.970000,99.990000,322,296
2025-09-03T09:30:02.730000,DEMO,99.960000,99.980000,323,299
2025-09-03T09:30:02.740000,DEMO,99.960000,99.980000,324,302
2025-09-03T09:30:02.750000,DEMO,99.960000,99.980000,325,305
2025-09-03T09:30:02.760000,DEMO,99.960000,99.980000,326,308
2025-09-03T09:30:02.770000,DEMO,99.960000,99.980000,327,311
2025-09-03T09:30:02.780000,DEMO,99.960000,99.980000,328,314
2025-09-03T09:30:02.790000,DEMO,99.960000,99.980000,329,317
2025-09-03T09:30:02.800000,DEMO,99.970000,99.990000,330,320
2025-09-03T09:30:02.810000,DEMO,99.970000,99.990000,331,323
2025-09-03T09:30:02.820000,DEMO,99.970000,99.990000,332,326
2025-09-03T09:30:02.830000,DEMO,99.970000,99.990000,333,329
2025-09-03T09:30:02.840000,DEMO,99.970000,99.990000,334,282
2025-09-03T09:30:02.850000,DEMO,99.970000,99.990000,335,285
2025-09-03T09:30:02.860000,DEMO,99.950000,99.970000,336,288
2025-09-03T09:30:02.870000,DEMO,99.960000,99.980000,337,291
2025-09-03T09:30:02.880000,DEMO,99.960000,99.980000,338,294
2025-09-03T09:30:02.890000,DEMO,99.960000,99.980000,339,297
2025-09-03T09:30:02.900000,DEMO,99.960000,99.980000,340,300
2025-09-03T09:30:02.910000,DEMO,99.960000,99.980000,341,303
2025-09-03T09:30:02.920000,DEMO,99.960000,99.980000,342,306
2025-09-03T09:30:02.930000,DEMO,99.960000,99.980000,343,309
2025-09-03T09:30:02.940000,DEMO,99.970000,99.990000,344,312
2025-09-03T09:30:02.950000,DEMO,99.970000,99.990000,345,315
2025-09-03T09:30:02.960000,DEMO,99.970000,99.990000,346,318
2025-09-03T09:30:02.970000,DEMO,99.970000,99.990000,347,321
2025-09-03T09:30:02.980000,DEMO,99.970000,99.990000,348,324
2025-09-03T09:30:02.990000,DEMO,99.950000,99.970000,349,327
2025-09-03T09:30:03,DEMO,99.950000,99.970000,300,280
2025-09-03T09:30:03.010000,DEMO,99.960000,99.980000,301,283
2025-09-03T09:30:03.020000,DEMO,99.960000,99.980000,302,286
2025-09-03T09:30:03.030000,DEMO,99.960000,99.980000,303,289
2025-09-03T09:30:03.040000,DEMO,99.960000,99.980000,304,292
2025-09-03T09:30:03.050000,DEMO,99.960000,99.980000,305,295
2025-09-03T09:30:03.060000,DEMO,99.960000,99.980000,306,298
2025-09-03T09:30:03.070000,DEMO,99.960000,99.980000,307,301
2025-09-03T09:30:03.080000,DEMO,99.970000,99.990000,308,304
2025-09-03T09:30:03.090000,DEMO,99.970000,99.990000,309,307
2025-09-03T09:30:03.100000,DEMO,99.970000,99.990000,310,310
2025-09-03T09:30:03.110000,DEMO,99.970000,99.990000,311,313
2025-09-03T09:30:03.120000,DEMO,99.950000,99.970000,312,316
2025-09-03T09:30:03.130000,DEMO,99.950000,99.970000,313,319
2025-09-03T09:30:03.140000,DEMO,99.950000,99.970000,314,322
2025-09-03T09:30:03.150000,DEMO,99.960000,99.980000,315,325
2025-09-03T09:30:03.160000,DEMO,99.960000,99.980000,316,328
2025-09-03T09:30:03.170000,DEMO,99.960000,99.980000,317,281
2025-09-03T09:30:03.180000,DEMO,99.960000,99.980000,318,284
2025-09-03T09:30:03.190000,DEMO,99.960000,99.980000,319,287
2025-09-03T09:30:03.200000,DEMO,99.960000,99.980000,320,290
2025-09-03T09:30:03.210000,DEMO,99.960000,99.980000,321,293
2025-09-03T09:30:03.220000,DEMO,99.970000,99.990000,322,296
2025-09-03T09:30:03.230000,DEMO,99.970000,99.990000,323,299
2025-09-03T09:30:03.240000,DEMO,99.970000,99.990000,324,302
2025-09-03T09:30:03.250000,DEMO,99.950000,99.970000,325,305
2025-09-03T09:30:03.260000,DEMO,99.950000,99.970000,326,308
2025-09-03T09:30:03.270000,DEMO,99.950000,99.970000,327,311
2025-09-03T09:30:03.280000,DEMO,99.950000,99.970000,328,314
2025-09-03T09:30:03.290000,DEMO,99.960000,99.980000,329,317
2025-09-03T09:30:03.300000,DEMO,99.960000,99.980000,330,320
2025-09-03T09:30:03.310000,DEMO,99.960000,99.980000,331,323
2025-09-03T09:30:03.320000,DEMO,99.960000,99.980000,332,326
2025-09-03T09:30:03.330000,DEMO,99.960000,99.980000,333,329
2025-09-03T09:30:03.340000,DEMO,99.960000,99.980000,334,282
2025-09-03T09:30:03.350000,DEMO,99.960000,99.980000,335,285
2025-09-03T09:30:03.360000,DEMO,99.970000,99.990000,336,288
2025-09-03T09:30:03.370000,DEMO,99.970000,99.990000,337,291
2025-09-03T09:30:03.380000,DEMO,99.950000,99.970000,338,294
2025-09-03T09:30:03.390000,DEMO,99.950000,99.970000,339,297
2025-09-03T09:30:03.400000,DEMO,99.950000,99.970000,340,300
2025-09-03T09:30:03.410000,DEMO,99.950000,99.970000,341,303
2025-09-03T09:30:03.420000,DEMO,99.950000,99.970000,342,306
2025-09-03T09:30:03.430000,DEMO,99.960000,99.980000,343,309
2025-09-03T09:30:03.440000,DEMO,99.960000,99.980000,344,312
2025-09-03T09:30:03.450000,DEMO,99.960000,99.980000,345,315
2025-09-03T09:30:03.460000,DEMO,99.960000,99.980000,346,318
2025-09-03T09:30:03.470000,DEMO,99.960000,99.980000,347,321
2025-09-03T09:30:03.480000,DEMO,99.960000,99.980000,348,324
2025-09-03T09:30:03.490000,DEMO,99.960000,99.980000,349,327
2025-09-03T09:30:03.500000,DEMO,99.970000,99.990000,300,280
2025-09-03T09:30:03.510000,DEMO,99.950000,99.970000,301,283
2025-09-03T09:30:03.520000,DEMO,99.950000,99.970000,302,286
2025-09-03T09:30:03.530000,DEMO,99.950000,99.970000,303,289
2025-09-03T09:30:03.540000,DEMO,99.950000,99.970000,304,292
2025-09-03T09:30:03.550000,DEMO,99.950000,99.970000,305,295
2025-09-03T09:30:03.560000,DEMO,99.950000,99.970000,306,298
2025-09-03T09:30:03.570000,DEMO,99.960000,99.980000,307,301
2025-09-03T09:30:03.580000,DEMO,99.960000,99.980000,308,304
2025-09-03T09:30:03.590000,DEMO,99.960000,99.980000,309,307
2025-09-03T09:30:03.600000,DEMO,99.960000,99.980000,310,310
2025-09-03T09:30:03.610000,DEMO,99.960000,99.980000,311,313
2025-09-03T09:30:03.620000,DEMO,99.960000,99.980000,312,316
2025-09-03T09:30:03.630000,DEMO,99.960000,99.980000,313,319
2025-09-03T09:30:03.640000,DEMO,99.950000,99.970000,314,322
2025-09-03T09:30:03.650000,DEMO,99.950000,99.970000,315,325
2025-09-03T09:30:03.660000,DEMO,99.950000,99.970000,316,328
2025-09-03T09:30:03.670000,DEMO,99.950000,99.970000,317,281
2025-09-03T09:30:03.680000,DEMO,99.950000,99.970000,318,284
2025-09-03T09:30:03.690000,DEMO,99.950000,99.970000,319,287
2025-09-03T09:30:03.700000,DEMO,99.950000,99.970000,320,290
2025-09-03T09:30:03.710000,DEMO,99.960000,99.980000,321,293
2025-09-03T09:30:03.720000,DEMO,99.960000,99.980000,322,296
2025-09-03T09:30:03.730000,DEMO,99.960000,99.980000,323,299
2025-09-03T09:30:03.740000,DEMO,99.960000,99.980000,324,302
2025-09-03T09:30:03.750000,DEMO,99.960000,99.980000,325,305
2025-09-03T09:30:03.760000,DEMO,99.960000,99.980000,326,308
2025-09-03T09:30:03.770000,DEMO,99.940000,99.960000,327,311
2025-09-03T09:30:03.780000,DEMO,99.950000,99.970000,328,314
2025-09-03T09:30:03.790000,DEMO,99.950000,99.970000,329,317
2025-09-03T09:30:03.800000,DEMO,99.950000,99.970000,330,320
2025-09-03T09:30:03.810000,DEMO,99.950000,99.970000,331,323
2025-09-03T09:30:03.820000,DEMO,99.950000,99.970000,332,326
2025-09-03T09:30:03.830000,DEMO,99.950000,99.970000,333,329
2025-09-03T09:30:03.840000,DEMO,99.950000,99.970000,334,282
2025-09-03T09:30:03.850000,DEMO,99.960000,99.980000,335,285
2025-09-03T09:30:03.860000,DEMO,99.960000,99.980000,336,288
2025-09-03T09:30:03.870000,DEMO,99.960000,99.980000,337,291
2025-09-03T09:30:03.880000,DEMO,99.960000,99.980000,338,294
2025-09-03T09:30:03.890000,DEMO,99.960000,99.980000,339,297
2025-09-03T09:30:03.900000,DEMO,99.940000,99.960000,340,300
2025-09-03T09:30:03.910000,DEMO,99.940000,99.960000,341,303
2025-09-03T09:30:03.920000,DEMO,99.950000,99.970000,342,306
2025-09-03T09:30:03.930000,DEMO,99.950000,99.970000,343,309
2025-09-03T09:30:03.940000,DEMO,99.950000,99.970000,344,312
2025-09-03T09:30:03.950000,DEMO,99.950000,99.970000,345,315
2025-09-03T09:30:03.960000,DEMO,99.950000,99.970000,346,318
2025-09-03T09:30:03.970000,DEMO,99.950000,99.970000,347,321
2025-09-03T09:30:03.980000,DEMO,99.950000,99.970000,348,324
2025-09-03T09:30:03.990000,DEMO,99.960000,99.980000,349,327
2025-09-03T09:30:04,DEMO,99.960000,99.980000,300,280
2025-09-03T09:30:04.010000,DEMO,99.960000,99.980000,301,283
2025-09-03T09:30:04.020000,DEMO,99.960000,99.980000,302,286
2025-09-03T09:30:04.030000,DEMO,99.940000,99.960000,303,289
2025-09-03T09:30:04.040000,DEMO,99.940000,99.960000,304,292
2025-09-03T09:30:04.050000,DEMO,99.940000,99.960000,305,295
2025-09-03T09:30:04.060000,DEMO,99.950000,99.970000,306,298
2025-09-03T09:30:04.070000,DEMO,99.950000,99.970000,307,301
2025-09-03T09:30:04.080000,DEMO,99.950000,99.970000,308,304
2025-09-03T09:30:04.090000,DEMO,99.950000,99.970000,309,307
2025-09-03T09:30:04.100000,DEMO,99.950000,99.970000,310,310
2025-09-03T09:30:04.110000,DEMO,99.950000,99.970000,311,313
2025-09-03T09:30:04.120000,DEMO,99.950000,99.970000,312,316
2025-09-03T09:30:04.130000,DEMO,99.960000,99.980000,313,319
2025-09-03T09:30:04.140000,DEMO,99.960000,99.980000,314,322
2025-09-03T09:30:04.150000,DEMO,99.960000,99.980000,315,325
2025-09-03T09:30:04.160000,DEMO,99.940000,99.960000,316,328
2025-09-03T09:30:04.170000,DEMO,99.940000,99.960000,317,281
2025-09-03T09:30:04.180000,DEMO,99.940000,99.960000,318,284
2025-09-03T09:30:04.190000,DEMO,99.940000,99.960000,319,287
2025-09-03T09:30:04.200000,DEMO,99.950000,99.970000,320,290
2025-09-03T09:30:04.210000,DEMO,99.950000,99.970000,321,293
2025-09-03T09:30:04.220000,DEMO,99.950000,99.970000,322,296
2025-09-03T09:30:04.230000,DEMO,99.950000,99.970000,323,299
2025-09-03T09:30:04.240000,DEMO,99.950000,99.970000,324,302
2025-09-03T09:30:04.250000,DEMO,99.950000,99.970000,325,305
2025-09-03T09:30:04.260000,DEMO,99.950000,99.970000,326,308
2025-09-03T09:30:04.270000,DEMO,99.960000,99.980000,327,311
2025-09-03T09:30:04.280000,DEMO,99.960000,99.980000,328,314
2025-09-03T09:30:04.290000,DEMO,99.940000,99.960000,329,317
2025-09-03T09:30:04.300000,DEMO,99.940000,99.960000,330,320
2025-09-03T09:30:04.310000,DEMO,99.940000,99.960000,331,323
2025-09-03T09:30:04.320000,DEMO,99.940000,99.960000,332,326
2025-09-03T09:30:04.330000,DEMO,99.940000,99.960000,333,329
2025-09-03T09:30:04.340000,DEMO,99.950000,99.970000,334,282
2025-09-03T09:30:04.350000,DEMO,99.950000,99.970000,335,285
2025-09-03T09:30:04.360000,DEMO,99.950000,99.970000,336,288
2025-09-03T09:30:04.370000,DEMO,99.950000,99.970000,337,291
2025-09-03T09:30:04.380000,DEMO,99.950000,99.970000,338,294
2025-09-03T09:30:04.390000,DEMO,99.950000,99.970000,339,297
2025-09-03T09:30:04.400000,DEMO,99.950000,99.970000,340,300
2025-09-03T09:30:04.410000,DEMO,99.960000,99.980000,341,303
2025-09-03T09:30:04.420000,DEMO,99.940000,99.960000,342,306
2025-09-03T09:30:04.430000,DEMO,99.940000,99.960000,343,309
2025-09-03T09:30:04.440000,DEMO,99.940000,99.960000,344,312
2025-09-03T09:30:04.450000,DEMO,99.940000,99.960000,345,315
2025-09-03T09:30:04.460000,DEMO,99.940000,99.960000,346,318
2025-09-03T09:30:04.470000,DEMO,99.940000,99.960000,347,321
2025-09-03T09:30:04.480000,DEMO,99.950000,99.970000,348,324
2025-09-03T09:30:04.490000,DEMO,99.950000,99.970000,349,327
2025-09-03T09:30:04.500000,DEMO,99.950000,99.970000,300,280
2025-09-03T09:30:04.510000,DEMO,99.950000,99.970000,301,283
2025-09-03T09:30:04.520000,DEMO,99.950000,99.970000,302,286
2025-09-03T09:30:04.530000,DEMO,99.950000,99.970000,303,289
2025-09-03T09:30:04.540000,DEMO,99.950000,99.970000,304,292
2025-09-03T09:30:04.550000,DEMO,99.940000,99.960000,305,295
2025-09-03T09:30:04.560000,DEMO,99.940000,99.960000,306,298
2025-09-03T09:30:04.570000,DEMO,99.940000,99.960000,307,301
2025-09-03T09:30:04.580000,DEMO,99.940000,99.960000,308,304
2025-09-03T09:30:04.590000,DEMO,99.940000,99.960000,309,307
2025-09-03T09:30:04.600000,DEMO,99.940000,99.960000,310,310
2025-09-03T09:30:04.610000,DEMO,99.940000,99.960000,311,313
2025-09-03T09:30:04.620000,DEMO,99.950000,99.970000,312,316
2025-09-03T09:30:04.630000,DEMO,99.950000,99.970000,313,319
2025-09-03T09:30:04.640000,DEMO,99.950000,99.970000,314,322
2025-09-03T09:30:04.650000,DEMO,99.950000,99.970000,315,325
2025-09-03T09:30:04.660000,DEMO,99.950000,99.970000,316,328
2025-09-03T09:30:04.670000,DEMO,99.950000,99.970000,317,281
2025-09-03T09:30:04.680000,DEMO,99.930000,99.950000,318,284
2025-09-03T09:30:04.690000,DEMO,99.940000,99.960000,319,287
2025-09-03T09:30:04.700000,DEMO,99.940000,99.960000,320,290
2025-09-03T09:30:04.710000,DEMO,99.940000,99.960000,321,293
2025-09-03T09:30:04.720000,DEMO,99.940000,99.960000,322,296
2025-09-03T09:30:04.730000,DEMO,99.940000,99.960000,323,299
2025-09-03T09:30:04.740000,DEMO,99.940000,99.960000,324,302
2025-09-03T09:30:04.750000,DEMO,99.940000,99.960000,325,305
2025-09-03T09:30:04.760000,DEMO,99.950000,99.970000,326,308
2025-09-03T09:30:04.770000,DEMO,99.950000,99.970000,327,311
2025-09-03T09:30:04.780000,DEMO,99.950000,99.970000,328,314
2025-09-03T09:30:04.790000,DEMO,99.950000,99.970000,329,317
2025-09-03T09:30:04.800000,DEMO,99.950000,99.970000,330,320
2025-09-03T09:30:04.810000,DEMO,99.930000,99.950000,331,323
2025-09-03T09:30:04.820000,DEMO,99.930000,99.950000,332,326
2025-09-03T09:30:04.830000,DEMO,99.940000,99.960000,333,329
2025-09-03T09:30:04.840000,DEMO,99.940000,99.960000,334,282
2025-09-03T09:30:04.850000,DEMO,99.940000,99.960000,335,285
2025-09-03T09:30:04.860000,DEMO,99.940000,99.960000,336,288
2025-09-03T09:30:04.870000,DEMO,99.940000,99.960000,337,291
2025-09-03T09:30:04.880000,DEMO,99.940000,99.960000,338,294
2025-09-03T09:30:04.890000,DEMO,99.940000,99.960000,339,297
2025-09-03T09:30:04.900000,DEMO,99.950000,99.970000,340,300
2025-09-03T09:30:04.910000,DEMO,99.950000,99.970000,341,303
2025-09-03T09:30:04.920000,DEMO,99.950000,99.970000,342,306
2025-09-03T09:30:04.930000,DEMO,99.950000,99.970000,343,309
2025-09-03T09:30:04.940000,DEMO,99.930000,99.950000,344,312
2025-09-03T09:30:04.950000,DEMO,99.930000,99.950000,345,315
2025-09-03T09:30:04.960000,DEMO,99.930000,99.950000,346,318
2025-09-03T09:30:04.970000,DEMO,99.940000,99.960000,347,321
2025-09-03T09:30:04.980000,DEMO,99.940000,99.960000,348,324
2025-09-03T09:30:04.990000,DEMO,99.940000,99.960000,349,327
2025-09-03T09:30:05,DEMO,99.940000,99.960000,300,280
2025-09-03T09:30:05.010000,DEMO,99.940000,99.960000,301,283
2025-09-03T09:30:05.020000,DEMO,99.940000,99.960000,302,286
2025-09-03T09:30:05.030000,DEMO,99.940000,99.960000,303,289
2025-09-03T09:30:05.040000,DEMO,99.950000,99.970000,304,292
2025-09-03T09:30:05.050000,DEMO,99.950000,99.970000,305,295
2025-09-03T09:30:05.060000,DEMO,99.950000,99.970000,306,298
2025-09-03T09:30:05.070000,DEMO,99.930000,99.950000,307,301
2025-09-03T09:30:05.080000,DEMO,99.930000,99.950000,308,304
2025-09-03T09:30:05.090000,DEMO,99.930000,99.950000,309,307
2025-09-03T09:30:05.100000,DEMO,99.930000,99.950000,310,310
2025-09-03T09:30:05.110000,DEMO,99.940000,99.960000,311,313
2025-09-03T09:30:05.120000,DEMO,99.940000,99.960000,312,316
2025-09-03T09:30:05.130000,DEMO,99.940000,99.960000,313,319
2025-09-03T09:30:05.140000,DEMO,99.940000,99.960000,314,322
2025-09-03T09:30:05.150000,DEMO,99.940000,99.960000,315,325
2025-09-03T09:30:05.160000,DEMO,99.940000,99.960000,316,328
2025-09-03T09:30:05.170000,DEMO,99.940000,99.960000,317,281
2025-09-03T09:30:05.180000,DEMO,99.950000,99.970000,318,284
2025-09-03T09:30:05.190000,DEMO,99.950000,99.970000,319,287
2025-09-03T09:30:05.200000,DEMO,99.930000,99.950000,320,290
2025-09-03T09:30:05.210000,DEMO,99.930000,99.950000,321,293
2025-09-03T09:30:05.220000,DEMO,99.930000,99.950000,322,296
2025-09-03T09:30:05.230000,DEMO,99.930000,99.950000,323,299
2025-09-03T09:30:05.240000,DEMO,99.930000,99.950000,324,302
2025-09-03T09:30:05.250000,DEMO,99.940000,99.960000,325,305
2025-09-03T09:30:05.260000,DEMO,99.940000,99.960000,326,308
2025-09-03T09:30:05.270000,DEMO,99.940000,99.960000,327,311
2025-09-03T09:30:05.280000,DEMO,99.940000,99.960000,328,314
2025-09-03T09:30:05.290000,DEMO,99.940000,99.960000,329,317
2025-09-03T09:30:05.300000,DEMO,99.940000,99.960000,330,320
2025-09-03T09:30:05.310000,DEMO,99.940000,99.960000,331,323
2025-09-03T09:30:05.320000,DEMO,99.950000,99.970000,332,326
2025-09-03T09:30:05.330000,DEMO,99.930000,99.950000,333,329
2025-09-03T09:30:05.340000,DEMO,99.930000,99.950000,334,282
2025-09-03T09:30:05.350000,DEMO,99.930000,99.950000,335,285
2025-09-03T09:30:05.360000,DEMO,99.930000,99.950000,336,288
2025-09-03T09:30:05.370000,DEMO,99.930000,99.950000,337,291
2025-09-03T09:30:05.380000,DEMO,99.930000,99.950000,338,294
2025-09-03T09:30:05.390000,DEMO,99.940000,99.960000,339,297
2025-09-03T09:30:05.400000,DEMO,99.940000,99.960000,340,300
2025-09-03T09:30:05.410000,DEMO,99.940000,99.960000,341,303
2025-09-03T09:30:05.420000,DEMO,99.940000,99.960000,342,306
2025-09-03T09:30:05.430000,DEMO,99.940000,99.960000,343,309
2025-09-03T09:30:05.440000,DEMO,99.940000,99.960000,344,312
2025-09-03T09:30:05.450000,DEMO,99.940000,99.960000,345,315
2025-09-03T09:30:05.460000,DEMO,99.930000,99.950000,346,318
2025-09-03T09:30:05.470000,DEMO,99.930000,99.950000,347,321
2025-09-03T09:30:05.480000,DEMO,99.930000,99.950000,348,324
2025-09-03T09:30:05.490000,DEMO,99.930000,99.950000,349,327
2025-09-03T09:30:05.500000,DEMO,99.930000,99.950000,300,280
2025-09-03T09:30:05.510000,DEMO,99.930000,99.950000,301,283
2025-09-03T09:30:05.520000,DEMO,99.930000,99.950000,302,286
2025-09-03T09:30:05.530000,DEMO,99.940000,99.960000,303,289
2025-09-03T09:30:05.540000,DEMO,99.940000,99.960000,304,292
2025-09-03T09:30:05.550000,DEMO,99.940000,99.960000,305,295
2025-09-03T09:30:05.560000,DEMO,99.940000,99.960000,306,298
2025-09-03T09:30:05.570000,DEMO,99.940000,99.960000,307,301
2025-09-03T09:30:05.580000,DEMO,99.940000,99.960000,308,304
2025-09-03T09:30:05.590000,DEMO,99.920000,99.940000,309,307
2025-09-03T09:30:05.600000,DEMO,99.930000,99.950000,310,310
2025-09-03T09:30:05.610000,DEMO,99.930000,99.950000,311,313
2025-09-03T09:30:05.620000,DEMO,99.930000,99.950000,312,316
2025-09-03T09:30:05.630000,DEMO,99.930000,99.950000,313,319
2025-09-03T09:30:05.640000,DEMO,99.930000,99.950000,314,322
2025-09-03T09:30:05.650000,DEMO,99.930000,99.950000,315,325
2025-09-03T09:30:05.660000,DEMO,99.930000,99.950000,316,328
2025-09-03T09:30:05.670000,DEMO,99.940000,99.960000,317,281
2025-09-03T09:30:05.680000,DEMO,99.940000,99.960000,318,284
2025-09-03T09:30:05.690000,DEMO,99.940000,99.960000,319,287
2025-09-03T09:30:05.700000,DEMO,99.940000,99.960000,320,290
2025-09-03T09:30:05.710000,DEMO,99.940000,99.960000,321,293
2025-09-03T09:30:05.720000,DEMO,99.920000,99.940000,322,296
2025-09-03T09:30:05.730000,DEMO,99.920000,99.940000,323,299
2025-09-03T09:30:05.740000,DEMO,99.930000,99.950000,324,302
2025-09-03T09:30:05.750000,DEMO,99.930000,99.950000,325,305
2025-09-03T09:30:05.760000,DEMO,99.930000,99.950000,326,308
2025-09-03T09:30:05.770000,DEMO,99.930000,99.950000,327,311
2025-09-03T09:30:05.780000,DEMO,99.930000,99.950000,328,314
2025-09-03T09:30:05.790000,DEMO,99.930000,99.950000,329,317
2025-09-03T09:30:05.800000,DEMO,99.930000,99.950000,330,320
2025-09-03T09:30:05.810000,DEMO,99.940000,99.960000,331,323
2025-09-03T09:30:05.820000,DEMO,99.940000,99.960000,332,326
2025-09-03T09:30:05.830000,DEMO,99.940000,99.960000,333,329
2025-09-03T09:30:05.840000,DEMO,99.940000,99.960000,334,282
2025-09-03T09:30:05.850000,DEMO,99.920000,99.940000,335,285
2025-09-03T09:30:05.860000,DEMO,99.920000,99.940000,336,288
2025-09-03T09:30:05.870000,DEMO,99.920000,99.940000,337,291
2025-09-03T09:30:05.880000,DEMO,99.930000,99.950000,338,294
2025-09-03T09:30:05.890000,DEMO,99.930000,99.950000,339,297
2025-09-03T09:30:05.900000,DEMO,99.930000,99.950000,340,300
2025-09-03T09:30:05.910000,DEMO,99.930000,99.950000,341,303
2025-09-03T09:30:05.920000,DEMO,99.930000,99.950000,342,306
2025-09-03T09:30:05.930000,DEMO,99.930000,99.950000,343,309
2025-09-03T09:30:05.940000,DEMO,99.930000,99.950000,344,312
2025-09-03T09:30:05.950000,DEMO,99.940000,99.960000,345,315
2025-09-03T09:30:05.960000,DEMO,99.940000,99.960000,346,318
2025-09-03T09:30:05.970000,DEMO,99.940000,99.960000,347,321
2025-09-03T09:30:05.980000,DEMO,99.920000,99.940000,348,324
2025-09-03T09:30:05.990000,DEMO,99.920000,99.940000,349,327
2025-09-03T09:30:06,DEMO,99.920000,99.940000,300,280
2025-09-03T09:30:06.010000,DEMO,99.920000,99.940000,301,283
2025-09-03T09:30:06.020000,DEMO,99.930000,99.950000,302,286
2025-09-03T09:30:06.030000,DEMO,99.930000,99.950000,303,289
2025-09-03T09:30:06.040000,DEMO,99.930000,99.950000,304,292
2025-09-03T09:30:06.050000,DEMO,99.930000,99.950000,305,295
2025-09-03T09:30:06.060000,DEMO,99.930000,99.950000,306,298
2025-09-03T09:30:06.070000,DEMO,99.930000,99.950000,307,301
2025-09-03T09:30:06.080000,DEMO,99.930000,99.950000,308,304
2025-09-03T09:30:06.090000,DEMO,99.940000,99.960000,309,307
2025-09-03T09:30:06.100000,DEMO,99.940000,99.960000,310,310
2025-09-03T09:30:06.110000,DEMO,99.920000,99.940000,311,313
2025-09-03T09:30:06.120000,DEMO,99.920000,99.940000,312,316
2025-09-03T09:30:06.130000,DEMO,99.920000,99.940000,313,319
2025-09-03T09:30:06.140000,DEMO,99.920000,99.940000,314,322
2025-09-03T09:30:06.150000,DEMO,99.920000,99.940000,315,325
2025-09-03T09:30:06.160000,DEMO,99.930000,99.950000,316,328
2025-09-03T09:30:06.170000,DEMO,99.930000,99.950000,317,281
2025-09-03T09:30:06.180000,DEMO,99.930000,99.950000,318,284
2025-09-03T09:30:06.190000,DEMO,99.930000,99.950000,319,287
2025-09-03T09:30:06.200000,DEMO,99.930000,99.950000,320,290
2025-09-03T09:30:06.210000,DEMO,99.930000,99.950000,321,293
2025-09-03T09:30:06.220000,DEMO,99.930000,99.950000,322,296
2025-09-03T09:30:06.230000,DEMO,99.940000,99.960000,323,299
2025-09-03T09:30:06.240000,DEMO,99.920000,99.940000,324,302
2025-09-03T09:30:06.250000,DEMO,99.920000,99.940000,325,305
2025-09-03T09:30:06.260000,DEMO,99.920000,99.940000,326,308
2025-09-03T09:30:06.270000,DEMO,99.920000,99.940000,327,311
2025-09-03T09:30:06.280000,DEMO,99.920000,99.940000,328,314
2025-09-03T09:30:06.290000,DEMO,99.920000,99.940000,329,317
2025-09-03T09:30:06.300000,DEMO,99.930000,99.950000,330,320
2025-09-03T09:30:06.310000,DEMO,99.930000,99.950000,331,323
2025-09-03T09:30:06.320000,DEMO,99.930000,99.950000,332,326
2025-09-03T09:30:06.330000,DEMO,99.930000,99.950000,333,329
2025-09-03T09:30:06.340000,DEMO,99.930000,99.950000,334,282
2025-09-03T09:30:06.350000,DEMO,99.930000,99.950000,335,285
2025-09-03T09:30:06.360000,DEMO,99.930000,99.950000,336,288
2025-09-03T09:30:06.370000,DEMO,99.920000,99.940000,337,291
2025-09-03T09:30:06.380000,DEMO,99.920000,99.940000,338,294
2025-09-03T09:30:06.390000,DEMO,99.920000,99.940000,339,297
2025-09-03T09:30:06.400000,DEMO,99.920000,99.940000,340,300
2025-09-03T09:30:06.410000,DEMO,99.920000,99.940000,341,303
2025-09-03T09:30:06.420000,DEMO,99.920000,99.940000,342,306
2025-09-03T09:30:06.430000,DEMO,99.920000,99.940000,343,309
2025-09-03T09:30:06.440000,DEMO,99.930000,99.950000,344,312
2025-09-03T09:30:06.450000,DEMO,99.930000,99.950000,345,315
2025-09-03T09:30:06.460000,DEMO,99.930000,99.950000,346,318
2025-09-03T09:30:06.470000,DEMO,99.930000,99.950000,347,321
2025-09-03T09:30:06.480000,DEMO,99.930000,99.950000,348,324
2025-09-03T09:30:06.490000,DEMO,99.930000,99.950000,349,327
2025-09-03T09:30:06.500000,DEMO,99.910000,99.930000,300,280
2025-09-03T09:30:06.510000,DEMO,99.920000,99.940000,301,283
2025-09-03T09:30:06.520000,DEMO,99.920000,99.940000,302,286
2025-09-03T09:30:06.530000,DEMO,99.920000,99.940000,303,289
2025-09-03T09:30:06.540000,DEMO,99.920000,99.940000,304,292
2025-09-03T09:30:06.550000,DEMO,99.920000,99.940000,305,295
2025-09-03T09:30:06.560000,DEMO,99.920000,99.940000,306,298
2025-09-03T09:30:06.570000,DEMO,99.920000,99.940000,307,301
2025-09-03T09:30:06.580000,DEMO,99.930000,99.950000,308,304
2025-09-03T09:30:06.590000,DEMO,99.930000,99.950000,309,307
2025-09-03T09:30:06.600000,DEMO,99.930000,99.950000,310,310
2025-09-03T09:30:06.610000,DEMO,99.930000,99.950000,311,313
2025-09-03T09:30:06.620000,DEMO,99.930000,99.950000,312,316
2025-09-03T09:30:06.630000,DEMO,99.910000,99.930000,313,319
2025-09-03T09:30:06.640000,DEMO,99.910000,99.930000,314,322
2025-09-03T09:30:06.650000,DEMO,99.920000,99.940000,315,325
2025-09-03T09:30:06.660000,DEMO,99.920000,99.940000,316,328
2025-09-03T09:30:06.670000,DEMO,99.920000,99.940000,317,281
2025-09-03T09:30:06.680000,DEMO,99.920000,99.940000,318,284
2025-09-03T09:30:06.690000,DEMO,99.920000,99.940000,319,287
2025-09-03T09:30:06.700000,DEMO,99.920000,99.940000,320,290
2025-09-03T09:30:06.710000,DEMO,99.920000,99.940000,321,293
2025-09-03T09:30:06.720000,DEMO,99.930000,99.950000,322,296
2025-09-03T09:30:06.730000,DEMO,99.930000,99.950000,323,299
2025-09-03T09:30:06.740000,DEMO,99.930000,99.950000,324,302
2025-09-03T09:30:06.750000,DEMO,99.930000,99.950000,325,305
2025-09-03T09:30:06.760000,DEMO,99.910000,99.930000,326,308
2025-09-03T09:30:06.770000,DEMO,99.910000,99.930000,327,311
2025-09-03T09:30:06.780000,DEMO,99.910000,99.930000,328,314
2025-09-03T09:30:06.790000,DEMO,99.920000,99.940000,329,317
2025-09-03T09:30:06.800000,DEMO,99.920000,99.940000,330,320
2025-09-03T09:30:06.810000,DEMO,99.920000,99.940000,331,323
2025-09-03T09:30:06.820000,DEMO,99.920000,99.940000,332,326
2025-09-03T09:30:06.830000,DEMO,99.920000,99.940000,333,329
2025-09-03T09:30:06.840000,DEMO,99.920000,99.940000,334,282
2025-09-03T09:30:06.850000,DEMO,99.920000,99.940000,335,285
2025-09-03T09:30:06.860000,DEMO,99.930000,99.950000,336,288
2025-09-03T09:30:06.870000,DEMO,99.930000,99.950000,337,291
2025-09-03T09:30:06.880000,DEMO,99.930000,99.950000,338,294
2025-09-03T09:30:06.890000,DEMO,99.910000,99.930000,339,297
2025-09-03T09:30:06.900000,DEMO,99.910000,99.930000,340,300
2025-09-03T09:30:06.910000,DEMO,99.910000,99.930000,341,303
2025-09-03T09:30:06.920000,DEMO,99.910000,99.930000,342,306
2025-09-03T09:30:06.930000,DEMO,99.920000,99.940000,343,309
2025-09-03T09:30:06.940000,DEMO,99.920000,99.940000,344,312
2025-09-03T09:30:06.950000,DEMO,99.920000,99.940000,345,315
2025-09-03T09:30:06.960000,DEMO,99.920000,99.940000,346,318
2025-09-03T09:30:06.970000,DEMO,99.920000,99.940000,347,321
2025-09-03T09:30:06.980000,DEMO,99.920000,99.940000,348,324
2025-09-03T09:30:06.990000,DEMO,99.920000,99.940000,349,327
2025-09-03T09:30:07,DEMO,99.930000,99.950000,300,280
2025-09-03T09:30:07.010000,DEMO,99.930000,99.950000,301,283
2025-09-03T09:30:07.020000,DEMO,99.910000,99.930000,302,286
2025-09-03T09:30:07.030000,DEMO,99.910000,99.930000,303,289
2025-09-03T09:30:07.040000,DEMO,99.910000,99.930000,304,292
2025-09-03T09:30:07.050000,DEMO,99.910000,99.930000,305,295
2025-09-03T09:30:07.060000,DEMO,99.910000,99.930000,306,298
2025-09-03T09:30:07.070000,DEMO,99.920000,99.940000,307,301
2025-09-03T09:30:07.080000,DEMO,99.920000,99.940000,308,304
2025-09-03T09:30:07.090000,DEMO,99.920000,99.940000,309,307
2025-09-03T09:30:07.100000,DEMO,99.920000,99.940000,310,310
2025-09-03T09:30:07.110000,DEMO,99.920000,99.940000,311,313
2025-09-03T09:30:07.120000,DEMO,99.920000,99.940000,312,316
2025-09-03T09:30:07.130000,DEMO,99.920000,99.940000,313,319
2025-09-03T09:30:07.140000,DEMO,99.930000,99.950000,314,322
2025-09-03T09:30:07.150000,DEMO,99.910000,99.930000,315,325
2025-09-03T09:30:07.160000,DEMO,99.910000,99.930000,316,328
2025-09-03T09:30:07.170000,DEMO,99.910000,99.930000,317,281
2025-09-03T09:30:07.180000,DEMO,99.910000,99.930000,318,284
2025-09-03T09:30:07.190000,DEMO,99.910000,99.930000,319,287
2025-09-03T09:30:07.200000,DEMO,99.910000,99.930000,320,290
2025-09-03T09:30:07.210000,DEMO,99.920000,99.940000,321,293
2025-09-03T09:30:07.220000,DEMO,99.920000,99.940000,322,296
2025-09-03T09:30:07.230000,DEMO,99.920000,99.940000,323,299
2025-09-03T09:30:07.240000,DEMO,99.920000,99.940000,324,302
2025-09-03T09:30:07.250000,DEMO,99.920000,99.940000,325,305
2025-09-03T09:30:07.260000,DEMO,99.920000,99.940000,326,308
2025-09-03T09:30:07.270000,DEMO,99.920000,99.940000,327,311
2025-09-03T09:30:07.280000,DEMO,99.910000,99.930000,328,314
2025-09-03T09:30:07.290000,DEMO,99.910000,99.930000,329,317
2025-09-03T09:30:07.300000,DEMO,99.910000,99.930000,330,320
2025-09-03T09:30:07.310000,DEMO,99.910000,99.930000,331,323
2025-09-03T09:30:07.320000,DEMO,99.910000,99.930000,332,326
2025-09-03T09:30:07.330000,DEMO,99.910000,99.930000,333,329
2025-09-03T09:30:07.340000,DEMO,99.910000,99.930000,334,282
2025-09-03T09:30:07.350000,DEMO,99.920000,99.940000,335,285
2025-09-03T09:30:07.360000,DEMO,99.920000,99.940000,336,288
2025-09-03T09:30:07.370000,DEMO,99.920000,99.940000,337,291
2025-09-03T09:30:07.380000,DEMO,99.920000,99.940000,338,294
2025-09-03T09:30:07.390000,DEMO,99.920000,99.940000,339,297
2025-09-03T09:30:07.400000,DEMO,99.920000,99.940000,340,300
2025-09-03T09:30:07.410000,DEMO,99.900000,99.920000,341,303
2025-09-03T09:30:07.420000,DEMO,99.910000,99.930000,342,306
2025-09-03T09:30:07.430000,DEMO,99.910000,99.930000,343,309
2025-09-03T09:30:07.440000,DEMO,99.910000,99.930000,344,312
2025-09-03T09:30:07.450000,DEMO,99.910000,99.930000,345,315
2025-09-03T09:30:07.460000,DEMO,99.910000,99.930000,346,318
2025-09-03T09:30:07.470000,DEMO,99.910000,99.930000,347,321
2025-09-03T09:30:07.480000,DEMO,99.910000,99.930000,348,324
2025-09-03T09:30:07.490000,DEMO,99.920000,99.940000,349,327
2025-09-03T09:30:07.500000,DEMO,99.920000,99.940000,300,280
2025-09-03T09:30:07.510000,DEMO,99.920000,99.940000,301,283
2025-09-03T09:30:07.520000,DEMO,99.920000,99.940000,302,286
2025-09-03T09:30:07.530000,DEMO,99.920000,99.940000,303,289
2025-09-03T09:30:07.540000,DEMO,99.900000,99.920000,304,292
2025-09-03T09:30:07.550000,DEMO,99.900000,99.920000,305,295
2025-09-03T09:30:07.560000,DEMO,99.910000,99.930000,306,298
2025-09-03T09:30:07.570000,DEMO,99.910000,99.930000,307,301
2025-09-03T09:30:07.580000,DEMO,99.910000,99.930000,308,304
2025-09-03T09:30:07.590000,DEMO,99.910000,99.930000,309,307
2025-09-03T09:30:07.600000,DEMO,99.910000,99.930000,310,310
2025-09-03T09:30:07.610000,DEMO,99.910000,99.930000,311,313
2025-09-03T09:30:07.620000,DEMO,99.910000,99.930000,312,316
2025-09-03T09:30:07.630000,DEMO,99.920000,99.940000,313,319
2025-09-03T09:30:07.640000,DEMO,99.920000,99.940000,314,322
2025-09-03T09:30:07.650000,DEMO,99.920000,99.940000,315,325
2025-09-03T09:30:07.660000,DEMO,99.920000,99.940000,316,328
2025-09-03T09:30:07.670000,DEMO,99.900000,99.920000,317,281
2025-09-03T09:30:07.680000,DEMO,99.900000,99.920000,318,284
2025-09-03T09:30:07.690000,DEMO,99.900000,99.920000,319,287
2025-09-03T09:30:07.700000,DEMO,99.910000,99.930000,320,290
2025-09-03T09:30:07.710000,DEMO,99.910000,99.930000,321,293
2025-09-03T09:30:07.720000,DEMO,99.910000,99.930000,322,296
2025-09-03T09:30:07.730000,DEMO,99.910000,99.930000,323,299
2025-09-03T09:30:07.740000,DEMO,99.910000,99.930000,324,302
2025-09-03T09:30:07.750000,DEMO,99.910000,99.930000,325,305
2025-09-03T09:30:07.760000,DEMO,99.910000,99.930000,326,308
2025-09-03T09:30:07.770000,DEMO,99.920000,99.940000,327,311
2025-09-03T09:30:07.780000,DEMO,99.920000,99.940000,328,314
2025-09-03T09:30:07.790000,DEMO,99.920000,99.940000,329,317
2025-09-03T09:30:07.800000,DEMO,99.900000,99.920000,330,320
2025-09-03T09:30:07.810000,DEMO,99.900000,99.920000,331,323
2025-09-03T09:30:07.820000,DEMO,99.900000,99.920000,332,326
2025-09-03T09:30:07.830000,DEMO,99.900000,99.920000,333,329
2025-09-03T09:30:07.840000,DEMO,99.910000,99.930000,334,282
2025-09-03T09:30:07.850000,DEMO,99.910000,99.930000,335,285
2025-09-03T09:30:07.860000,DEMO,99.910000,99.930000,336,288
2025-09-03T09:30:07.870000,DEMO,99.910000,99.930000,337,291
2025-09-03T09:30:07.880000,DEMO,99.910000,99.930000,338,294
2025-09-03T09:30:07.890000,DEMO,99.910000,99.930000,339,297
2025-09-03T09:30:07.900000,DEMO,99.910000,99.930000,340,300
2025-09-03T09:30:07.910000,DEMO,99.920000,99.940000,341,303
2025-09-03T09:30:07.920000,DEMO,99.920000,99.940000,342,306
2025-09-03T09:30:07.930000,DEMO,99.900000,99.920000,343,309
2025-09-03T09:30:07.940000,DEMO,99.900000,99.920000,344,312
2025-09-03T09:30:07.950000,DEMO,99.900000,99.920000,345,315
2025-09-03T09:30:07.960000,DEMO,99.900000,99.920000,346,318
2025-09-03T09:30:07.970000,DEMO,99.900000,99.920000,347,321
2025-09-03T09:30:07.980000,DEMO,99.910000,99.930000,348,324
2025-09-03T09:30:07.990000,DEMO,99.910000,99.930000,349,327
2025-09-03T09:30:08,DEMO,99.910000,99.930000,300,280
2025-09-03T09:30:08.010000,DEMO,99.910000,99.930000,301,283
2025-09-03T09:30:08.020000,DEMO,99.910000,99.930000,302,286
2025-09-03T09:30:08.030000,DEMO,99.910000,99.930000,303,289
2025-09-03T09:30:08.040000,DEMO,99.910000,99.930000,304,292
2025-09-03T09:30:08.050000,DEMO,99.920000,99.940000,305,295
2025-09-03T09:30:08.060000,DEMO,99.900000,99.920000,306,298
2025-09-03T09:30:08.070000,DEMO,99.900000,99.920000,307,301
2025-09-03T09:30:08.080000,DEMO,99.900000,99.920000,308,304
2025-09-03T09:30:08.090000,DEMO,99.900000,99.920000,309,307
2025-09-03T09:30:08.100000,DEMO,99.900000,99.920000,310,310
2025-09-03T09:30:08.110000,DEMO,99.900000,99.920000,311,313
2025-09-03T09:30:08.120000,DEMO,99.910000,99.930000,312,316
2025-09-03T09:30:08.130000,DEMO,99.910000,99.930000,313,319
2025-09-03T09:30:08.140000,DEMO,99.910000,99.930000,314,322
2025-09-03T09:30:08.150000,DEMO,99.910000,99.930000,315,325
2025-09-03T09:30:08.160000,DEMO,99.910000,99.930000,316,328
2025-09-03T09:30:08.170000,DEMO,99.910000,99.930000,317,281
2025-09-03T09:30:08.180000,DEMO,99.910000,99.930000,318,284
2025-09-03T09:30:08.190000,DEMO,99.900000,99.920000,319,287
2025-09-03T09:30:08.200000,DEMO,99.900000,99.920000,320,290
2025-09-03T09:30:08.210000,DEMO,99.900000,99.920000,321,293
2025-09-03T09:30:08.220000,DEMO,99.900000,99.920000,322,296
2025-09-03T09:30:08.230000,DEMO,99.900000,99.920000,323,299
2025-09-03T09:30:08.240000,DEMO,99.900000,99.920000,324,302
2025-09-03T09:30:08.250000,DEMO,99.900000,99.920000,325,305
2025-09-03T09:30:08.260000,DEMO,99.910000,99.930000,326,308
2025-09-03T09:30:08.270000,DEMO,99.910000,99.930000,327,311
2025-09-03T09:30:08.280000,DEMO,99.910000,99.930000,328,314
2025-09-03T09:30:08.290000,DEMO,99.910000,99.930000,329,317
2025-09-03T09:30:08.300000,DEMO,99.910000,99.930000,330,320
2025-09-03T09:30:08.310000,DEMO,99.910000,99.930000,331,323
2025-09-03T09:30:08.320000,DEMO,99.890000,99.910000,332,326
2025-09-03T09:30:08.330000,DEMO,99.900000,99.920000,333,329
2025-09-03T09:30:08.340000,DEMO,99.900000,99.920000,334,282
2025-09-03T09:30:08.350000,DEMO,99.900000,99.920000,335,285
2025-09-03T09:30:08.360000,DEMO,99.900000,99.920000,336,288
2025-09-03T09:30:08.370000,DEMO,99.900000,99.920000,337,291
2025-09-03T09:30:08.380000,DEMO,99.900000,99.920000,338,294
2025-09-03T09:30:08.390000,DEMO,99.900000,99.920000,339,297
2025-09-03T09:30:08.400000,DEMO,99.910000,99.930000,340,300
2025-09-03T09:30:08.410000,DEMO,99.910000,99.930000,341,303
2025-09-03T09:30:08.420000,DEMO,99.910000,99.930000,342,306
2025-09-03T09:30:08.430000,DEMO,99.910000,99.930000,343,309
2025-09-03T09:30:08.440000,DEMO,99.910000,99.930000,344,312
2025-09-03T09:30:08.450000,DEMO,99.890000,99.910000,345,315
2025-09-03T09:30:08.460000,DEMO,99.890000,99.910000,346,318
2025-09-03T09:30:08.470000,DEMO,99.900000,99.920000,347,321
2025-09-03T09:30:08.480000,DEMO,99.900000,99.920000,348,324
2025-09-03T09:30:08.490000,DEMO,99.900000,99.920000,349,327
2025-09-03T09:30:08.500000,DEMO,99.900000,99.920000,300,280
2025-09-03T09:30:08.510000,DEMO,99.900000,99.920000,301,283
2025-09-03T09:30:08.520000,DEMO,99.900000,99.920000,302,286
2025-09-03T09:30:08.530000,DEMO,99.900000,99.920000,303,289
2025-09-03T09:30:08.540000,DEMO,99.910000,99.930000,304,292
2025-09-03T09:30:08.550000,DEMO,99.910000,99.930000,305,295
2025-09-03T09:30:08.560000,DEMO,99.910000,99.930000,306,298
2025-09-03T09:30:08.570000,DEMO,99.910000,99.930000,307,301
2025-09-03T09:30:08.580000,DEMO,99.890000,99.910000,308,304
2025-09-03T09:30:08.590000,DEMO,99.890000,99.910000,309,307
2025-09-03T09:30:08.600000,DEMO,99.890000,99.910000,310,310
2025-09-03T09:30:08.610000,DEMO,99.900000,99.920000,311,313
2025-09-03T09:30:08.620000,DEMO,99.900000,99.920000,312,316
2025-09-03T09:30:08.630000,DEMO,99.900000,99.920000,313,319
2025-09-03T09:30:08.640000,DEMO,99.900000,99.920000,314,322
2025-09-03T09:30:08.650000,DEMO,99.900000,99.920000,315,325
2025-09-03T09:30:08.660000,DEMO,99.900000,99.920000,316,328
2025-09-03T09:30:08.670000,DEMO,99.900000,99.920000,317,281
2025-09-03T09:30:08.680000,DEMO,99.910000,99.930000,318,284
2025-09-03T09:30:08.690000,DEMO,99.910000,99.930000,319,287
2025-09-03T09:30:08.700000,DEMO,99.910000,99.930000,320,290
2025-09-03T09:30:08.710000,DEMO,99.890000,99.910000,321,293
2025-09-03T09:30:08.720000,DEMO,99.890000,99.910000,322,296
2025-09-03T09:30:08.730000,DEMO,99.890000,99.910000,323,299
2025-09-03T09:30:08.740000,DEMO,99.890000,99.910000,324,302
2025-09-03T09:30:08.750000,DEMO,99.900000,99.920000,325,305
2025-09-03T09:30:08.760000,DEMO,99.900000,99.920000,326,308
2025-09-03T09:30:08.770000,DEMO,99.900000,99.920000,327,311
2025-09-03T09:30:08.780000,DEMO,99.900000,99.920000,328,314
2025-09-03T09:30:08.790000,DEMO,99.900000,99.920000,329,317
2025-09-03T09:30:08.800000,DEMO,99.900000,99.920000,330,320
2025-09-03T09:30:08.810000,DEMO,99.900000,99.920000,331,323
2025-09-03T09:30:08.820000,DEMO,99.910000,99.930000,332,326
2025-09-03T09:30:08.830000,DEMO,99.910000,99.930000,333,329
2025-09-03T09:30:08.840000,DEMO,99.890000,99.910000,334,282
2025-09-03T09:30:08.850000,DEMO,99.890000,99.910000,335,285
2025-09-03T09:30:08.860000,DEMO,99.890000,99.910000,336,288
2025-09-03T09:30:08.870000,DEMO,99.890000,99.910000,337,291
2025-09-03T09:30:08.880000,DEMO,99.890000,99.910000,338,294
2025-09-03T09:30:08.890000,DEMO,99.900000,99.920000,339,297
2025-09-03T09:30:08.900000,DEMO,99.900000,99.920000,340,300
2025-09-03T09:30:08.910000,DEMO,99.900000,99.920000,341,303
2025-09-03T09:30:08.920000,DEMO,99.900000,99.920000,342,306
2025-09-03T09:30:08.930000,DEMO,99.900000,99.920000,343,309
2025-09-03T09:30:08.940000,DEMO,99.900000,99.920000,344,312
2025-09-03T09:30:08.950000,DEMO,99.900000,99.920000,345,315
2025-09-03T09:30:08.960000,DEMO,99.910000,99.930000,346,318
2025-09-03T09:30:08.970000,DEMO,99.890000,99.910000,347,321
2025-09-03T09:30:08.980000,DEMO,99.890000,99.910000,348,324
2025-09-03T09:30:08.990000,DEMO,99.890000,99.910000,349,327
2025-09-03T09:30:09,DEMO,99.890000,99.910000,300,280
2025-09-03T09:30:09.010000,DEMO,99.890000,99.910000,301,283
2025-09-03T09:30:09.020000,DEMO,99.890000,99.910000,302,286
2025-09-03T09:30:09.030000,DEMO,99.900000,99.920000,303,289
2025-09-03T09:30:09.040000,DEMO,99.900000,99.920000,304,292
2025-09-03T09:30:09.050000,DEMO,99.900000,99.920000,305,295
2025-09-03T09:30:09.060000,DEMO,99.900000,99.920000,306,298
2025-09-03T09:30:09.070000,DEMO,99.900000,99.920000,307,301
2025-09-03T09:30:09.080000,DEMO,99.900000,99.920000,308,304
2025-09-03T09:30:09.090000,DEMO,99.900000,99.920000,309,307
2025-09-03T09:30:09.100000,DEMO,99.890000,99.910000,310,310
2025-09-03T09:30:09.110000,DEMO,99.890000,99.910000,311,313
2025-09-03T09:30:09.120000,DEMO,99.890000,99.910000,312,316
2025-09-03T09:30:09.130000,DEMO,99.890000,99.910000,313,319
2025-09-03T09:30:09.140000,DEMO,99.890000,99.910000,314,322
2025-09-03T09:30:09.150000,DEMO,99.890000,99.910000,315,325
2025-09-03T09:30:09.160000,DEMO,99.890000,99.910000,316,328
2025-09-03T09:30:09.170000,DEMO,99.900000,99.920000,317,281
2025-09-03T09:30:09.180000,DEMO,99.900000,99.920000,318,284
2025-09-03T09:30:09.190000,DEMO,99.900000,99.920000,319,287
2025-09-03T09:30:09.200000,DEMO,99.900000,99.920000,320,290
2025-09-03T09:30:09.210000,DEMO,99.900000,99.920000,321,293
2025-09-03T09:30:09.220000,DEMO,99.900000,99.920000,322,296
2025-09-03T09:30:09.230000,DEMO,99.880000,99.900000,323,299
2025-09-03T09:30:09.240000,DEMO,99.890000,99.910000,324,302
2025-09-03T09:30:09.250000,DEMO,99.890000,99.910000,325,305
2025-09-03T09:30:09.260000,DEMO,99.890000,99.910000,326,308
2025-09-03T09:30:09.270000,DEMO,99.890000,99.910000,327,311
2025-09-03T09:30:09.280000,DEMO,99.890000,99.910000,328,314
2025-09-03T09:30:09.290000,DEMO,99.890000,99.910000,329,317
2025-09-03T09:30:09.300000,DEMO,99.890000,99.910000,330,320
2025-09-03T09:30:09.310000,DEMO,99.900000,99.920000,331,323
2025-09-03T09:30:09.320000,DEMO,99.900000,99.920000,332,326
2025-09-03T09:30:09.330000,DEMO,99.900000,99.920000,333,329
2025-09-03T09:30:09.340000,DEMO,99.900000,99.920000,334,282
2025-09-03T09:30:09.350000,DEMO,99.900000,99.920000,335,285
2025-09-03T09:30:09.360000,DEMO,99.880000,99.900000,336,288
2025-09-03T09:30:09.370000,DEMO,99.880000,99.900000,337,291
2025-09-03T09:30:09.380000,DEMO,99.890000,99.910000,338,294
2025-09-03T09:30:09.390000,DEMO,99.890000,99.910000,339,297
2025-09-03T09:30:09.400000,DEMO,99.890000,99.910000,340,300
2025-09-03T09:30:09.410000,DEMO,99.890000,99.910000,341,303
2025-09-03T09:30:09.420000,DEMO,99.890000,99.910000,342,306
2025-09-03T09:30:09.430000,DEMO,99.890000,99.910000,343,309
2025-09-03T09:30:09.440000,DEMO,99.890000,99.910000,344,312
2025-09-03T09:30:09.450000,DEMO,99.900000,99.920000,345,315
2025-09-03T09:30:09.460000,DEMO,99.900000,99.920000,346,318
2025-09-03T09:30:09.470000,DEMO,99.900000,99.920000,347,321
2025-09-03T09:30:09.480000,DEMO,99.900000,99.920000,348,324
2025-09-03T09:30:09.490000,DEMO,99.880000,99.900000,349,327
2025-09-03T09:30:09.500000,DEMO,99.880000,99.900000,300,280
2025-09-03T09:30:09.510000,DEMO,99.880000,99.900000,301,283
2025-09-03T09:30:09.520000,DEMO,99.890000,99.910000,302,286
2025-09-03T09:30:09.530000,DEMO,99.890000,99.910000,303,289
2025-09-03T09:30:09.540000,DEMO,99.890000,99.910000,304,292
2025-09-03T09:30:09.550000,DEMO,99.890000,99.910000,305,295
2025-09-03T09:30:09.560000,DEMO,99.890000,99.910000,306,298
2025-09-03T09:30:09.570000,DEMO,99.890000,99.910000,307,301
2025-09-03T09:30:09.580000,DEMO,99.890000,99.910000,308,304
2025-09-03T09:30:09.590000,DEMO,99.900000,99.920000,309,307
2025-09-03T09:30:09.600000,DEMO,99.900000,99.920000,310,310
2025-09-03T09:30:09.610000,DEMO,99.900000,99.920000,311,313
2025-09-03T09:30:09.620000,DEMO,99.880000,99.900000,312,316
2025-09-03T09:30:09.630000,DEMO,99.880000,99.900000,313,319
2025-09-03T09:30:09.640000,DEMO,99.880000,99.900000,314,322
2025-09-03T09:30:09.650000,DEMO,99.880000,99.900000,315,325
2025-09-03T09:30:09.660000,DEMO,99.890000,99.910000,316,328
2025-09-03T09:30:09.670000,DEMO,99.890000,99.910000,317,281
2025-09-03T09:30:09.680000,DEMO,99.890000,99.910000,318,284
2025-09-03T09:30:09.690000,DEMO,99.890000,99.910000,319,287
2025-09-03T09:30:09.700000,DEMO,99.890000,99.910000,320,290
2025-09-03T09:30:09.710000,DEMO,99.890000,99.910000,321,293
2025-09-03T09:30:09.720000,DEMO,99.890000,99.910000,322,296
2025-09-03T09:30:09.730000,DEMO,99.900000,99.920000,323,299
2025-09-03T09:30:09.740000,DEMO,99.900000,99.920000,324,302
2025-09-03T09:30:09.750000,DEMO,99.880000,99.900000,325,305
2025-09-03T09:30:09.760000,DEMO,99.880000,99.900000,326,308
2025-09-03T09:30:09.770000,DEMO,99.880000,99.900000,327,311
2025-09-03T09:30:09.780000,DEMO,99.880000,99.900000,328,314
2025-09-03T09:30:09.790000,DEMO,99.880000,99.900000,329,317
2025-09-03T09:30:09.800000,DEMO,99.890000,99.910000,330,320
2025-09-03T09:30:09.810000,DEMO,99.890000,99.910000,331,323
2025-09-03T09:30:09.820000,DEMO,99.890000,99.910000,332,326
2025-09-03T09:30:09.830000,DEMO,99.890000,99.910000,333,329
2025-09-03T09:30:09.840000,DEMO,99.890000,99.910000,334,282
2025-09-03T09:30:09.850000,DEMO,99.890000,99.910000,335,285
2025-09-03T09:30:09.860000,DEMO,99.890000,99.910000,336,288
2025-09-03T09:30:09.870000,DEMO,99.900000,99.920000,337,291
2025-09-03T09:30:09.880000,DEMO,99.880000,99.900000,338,294
2025-09-03T09:30:09.890000,DEMO,99.880000,99.900000,339,297
2025-09-03T09:30:09.900000,DEMO,99.880000,99.900000,340,300
2025-09-03T09:30:09.910000,DEMO,99.880000,99.900000,341,303
2025-09-03T09:30:09.920000,DEMO,99.880000,99.900000,342,306
2025-09-03T09:30:09.930000,DEMO,99.880000,99.900000,343,309
2025-09-03T09:30:09.940000,DEMO,99.890000,99.910000,344,312
2025-09-03T09:30:09.950000,DEMO,99.890000,99.910000,345,315
2025-09-03T09:30:09.960000,DEMO,99.890000,99.910000,346,318
2025-09-03T09:30:09.970000,DEMO,99.890000,99.910000,347,321
2025-09-03T09:30:09.980000,DEMO,99.890000,99.910000,348,324
2025-09-03T09:30:09.990000,DEMO,99.890000,99.910000,349,327
2025-09-03T09:30:10,DEMO,99.890000,99.910000,300,280
2025-09-03T09:30:10.010000,DEMO,99.880000,99.900000,301,283
2025-09-03T09:30:10.020000,DEMO,99.880000,99.900000,302,286
2025-09-03T09:30:10.030000,DEMO,99.880000,99.900000,303,289
2025-09-03T09:30:10.040000,DEMO,99.880000,99.900000,304,292
2025-09-03T09:30:10.050000,DEMO,99.880000,99.900000,305,295
2025-09-03T09:30:10.060000,DEMO,99.880000,99.900000,306,298
2025-09-03T09:30:10.070000,DEMO,99.880000,99.900000,307,301
2025-09-03T09:30:10.080000,DEMO,99.890000,99.910000,308,304
2025-09-03T09:30:10.090000,DEMO,99.890000,99.910000,309,307
2025-09-03T09:30:10.100000,DEMO,99.890000,99.910000,310,310
2025-09-03T09:30:10.110000,DEMO,99.890000,99.910000,311,313
2025-09-03T09:30:10.120000,DEMO,99.890000,99.910000,312,316
2025-09-03T09:30:10.130000,DEMO,99.890000,99.910000,313,319
2025-09-03T09:30:10.140000,DEMO,99.870000,99.890000,314,322
2025-09-03T09:30:10.150000,DEMO,99.880000,99.900000,315,325
2025-09-03T09:30:10.160000,DEMO,99.880000,99.900000,316,328
2025-09-03T09:30:10.170000,DEMO,99.880000,99.900000,317,281
2025-09-03T09:30:10.180000,DEMO,99.880000,99.900000,318,284
2025-09-03T09:30:10.190000,DEMO,99.880000,99.900000,319,287
2025-09-03T09:30:10.200000,DEMO,99.880000,99.900000,320,290
2025-09-03T09:30:10.210000,DEMO,99.880000,99.900000,321,293
2025-09-03T09:30:10.220000,DEMO,99.890000,99.910000,322,296
2025-09-03T09:30:10.230000,DEMO,99.890000,99.910000,323,299
2025-09-03T09:30:10.240000,DEMO,99.890000,99.910000,324,302
2025-09-03T09:30:10.250000,DEMO,99.890000,99.910000,325,305
2025-09-03T09:30:10.260000,DEMO,99.890000,99.910000,326,308
2025-09-03T09:30:10.270000,DEMO,99.870000,99.890000,327,311
2025-09-03T09:30:10.280000,DEMO,99.870000,99.890000,328,314
2025-09-03T09:30:10.290000,DEMO,99.880000,99.900000,329,317
2025-09-03T09:30:10.300000,DEMO,99.880000,99.900000,330,320
2025-09-03T09:30:10.310000,DEMO,99.880000,99.900000,331,323
2025-09-03T09:30:10.320000,DEMO,99.880000,99.900000,332,326
2025-09-03T09:30:10.330000,DEMO,99.880000,99.900000,333,329
2025-09-03T09:30:10.340000,DEMO,99.880000,99.900000,334,282
2025-09-03T09:30:10.350000,DEMO,99.880000,99.900000,335,285
2025-09-03T09:30:10.360000,DEMO,99.890000,99.910000,336,288
2025-09-03T09:30:10.370000,DEMO,99.890000,99.910000,337,291
2025-09-03T09:30:10.380000,DEMO,99.890000,99.910000,338,294
2025-09-03T09:30:10.390000,DEMO,99.890000,99.910000,339,297
2025-09-03T09:30:10.400000,DEMO,99.870000,99.890000,340,300
2025-09-03T09:30:10.410000,DEMO,99.870000,99.890000,341,303
2025-09-03T09:30:10.420000,DEMO,99.870000,99.890000,342,306
2025-09-03T09:30:10.430000,DEMO,99.880000,99.900000,343,309
2025-09-03T09:30:10.440000,DEMO,99.880000,99.900000,344,312
2025-09-03T09:30:10.450000,DEMO,99.880000,99.900000,345,315
2025-09-03T09:30:10.460000,DEMO,99.880000,99.900000,346,318
2025-09-03T09:30:10.470000,DEMO,99.880000,99.900000,347,321
2025-09-03T09:30:10.480000,DEMO,99.880000,99.900000,348,324
2025-09-03T09:30:10.490000,DEMO,99.880000,99.900000,349,327
2025-09-03T09:30:10.500000,DEMO,99.890000,99.910000,300,280
2025-09-03T09:30:10.510000,DEMO,99.890000,99.910000,301,283
2025-09-03T09:30:10.520000,DEMO,99.890000,99.910000,302,286
2025-09-03T09:30:10.530000,DEMO,99.870000,99.890000,303,289
2025-09-03T09:30:10.540000,DEMO,99.870000,99.890000,304,292
2025-09-03T09:30:10.550000,DEMO,99.870000,99.890000,305,295
2025-09-03T09:30:10.560000,DEMO,99.870000,99.890000,306,298
2025-09-03T09:30:10.570000,DEMO,99.880000,99.900000,307,301
2025-09-03T09:30:10.580000,DEMO,99.880000,99.900000,308,304
2025-09-03T09:30:10.590000,DEMO,99.880000,99.900000,309,307
2025-09-03T09:30:10.600000,DEMO,99.880000,99.900000,310,310
2025-09-03T09:30:10.610000,DEMO,99.880000,99.900000,311,313
2025-09-03T09:30:10.620000,DEMO,99.880000,99.900000,312,316
2025-09-03T09:30:10.630000,DEMO,99.880000,99.900000,313,319
2025-09-03T09:30:10.640000,DEMO,99.890000,99.910000,314,322
2025-09-03T09:30:10.650000,DEMO,99.890000,99.910000,315,325
2025-09-03T09:30:10.660000,DEMO,99.870000,99.890000,316,328
2025-09-03T09:30:10.670000,DEMO,99.870000,99.890000,317,281
2025-09-03T09:30:10.680000,DEMO,99.870000,99.890000,318,284
2025-09-03T09:30:10.690000,DEMO,99.870000,99.890000,319,287
2025-09-03T09:30:10.700000,DEMO,99.870000,99.890000,320,290
2025-09-03T09:30:10.710000,DEMO,99.880000,99.900000,321,293
2025-09-03T09:30:10.720000,DEMO,99.880000,99.900000,322,296
2025-09-03T09:30:10.730000,DEMO,99.880000,99.900000,323,299
2025-09-03T09:30:10.740000,DEMO,99.880000,99.900000,324,302
2025-09-03T09:30:10.750000,DEMO,99.880000,99.900000,325,305
2025-09-03T09:30:10.760000,DEMO,99.880000,99.900000,326,308
2025-09-03T09:30:10.770000,DEMO,99.880000,99.900000,327,311
2025-09-03T09:30:10.780000,DEMO,99.890000,99.910000,328,314
2025-09-03T09:30:10.790000,DEMO,99.870000,99.890000,329,317
2025-09-03T09:30:10.800000,DEMO,99.870000,99.890000,330,320
2025-09-03T09:30:10.810000,DEMO,99.870000,99.890000,331,323
2025-09-03T09:30:10.820000,DEMO,99.870000,99.890000,332,326
2025-09-03T09:30:10.830000,DEMO,99.870000,99.890000,333,329
2025-09-03T09:30:10.840000,DEMO,99.870000,99.890000,334,282
2025-09-03T09:30:10.850000,DEMO,99.880000,99.900000,335,285
2025-09-03T09:30:10.860000,DEMO,99.880000,99.900000,336,288
2025-09-03T09:30:10.870000,DEMO,99.880000,99.900000,337,291
2025-09-03T09:30:10.880000,DEMO,99.880000,99.900000,338,294
2025-09-03T09:30:10.890000,DEMO,99.880000,99.900000,339,297
2025-09-03T09:30:10.900000,DEMO,99.880000,99.900000,340,300
2025-09-03T09:30:10.910000,DEMO,99.880000,99.900000,341,303
2025-09-03T09:30:10.920000,DEMO,99.870000,99.890000,342,306
2025-09-03T09:30:10.930000,DEMO,99.870000,99.890000,343,309
2025-09-03T09:30:10.940000,DEMO,99.870000,99.890000,344,312
2025-09-03T09:30:10.950000,DEMO,99.870000,99.890000,345,315
2025-09-03T09:30:10.960000,DEMO,99.870000,99.890000,346,318
2025-09-03T09:30:10.970000,DEMO,99.870000,99.890000,347,321
2025-09-03T09:30:10.980000,DEMO,99.870000,99.890000,348,324
2025-09-03T09:30:10.990000,DEMO,99.880000,99.900000,349,327
2025-09-03T09:30:11,DEMO,99.880000,99.900000,300,280
2025-09-03T09:30:11.010000,DEMO,99.880000,99.900000,301,283
2025-09-03T09:30:11.020000,DEMO,99.880000,99.900000,302,286
2025-09-03T09:30:11.030000,DEMO,99.880000,99.900000,303,289
2025-09-03T09:30:11.040000,DEMO,99.880000,99.900000,304,292
2025-09-03T09:30:11.050000,DEMO,99.860000,99.880000,305,295
2025-09-03T09:30:11.060000,DEMO,99.870000,99.890000,306,298
2025-09-03T09:30:11.070000,DEMO,99.870000,99.890000,307,301
2025-09-03T09:30:11.080000,DEMO,99.870000,99.890000,308,304
2025-09-03T09:30:11.090000,DEMO,99.870000,99.890000,309,307
2025-09-03T09:30:11.100000,DEMO,99.870000,99.890000,310,310
2025-09-03T09:30:11.110000,DEMO,99.870000,99.890000,311,313
2025-09-03T09:30:11.120000,DEMO,99.870000,99.890000,312,316
2025-09-03T09:30:11.130000,DEMO,99.880000,99.900000,313,319
2025-09-03T09:30:11.140000,DEMO,99.880000,99.900000,314,322
2025-09-03T09:30:11.150000,DEMO,99.880000,99.900000,315,325
2025-09-03T09:30:11.160000,DEMO,99.880000,99.900000,316,328
2025-09-03T09:30:11.170000,DEMO,99.880000,99.900000,317,281
2025-09-03T09:30:11.180000,DEMO,99.860000,99.880000,318,284
2025-09-03T09:30:11.190000,DEMO,99.860000,99.880000,319,287
2025-09-03T09:30:11.200000,DEMO,99.870000,99.890000,320,290
2025-09-03T09:30:11.210000,DEMO,99.870000,99.890000,321,293
2025-09-03T09:30:11.220000,DEMO,99.870000,99.890000,322,296
2025-09-03T09:30:11.230000,DEMO,99.870000,99.890000,323,299
2025-09-03T09:30:11.240000,DEMO,99.870000,99.890000,324,302
2025-09-03T09:30:11.250000,DEMO,99.870000,99.890000,325,305
2025-09-03T09:30:11.260000,DEMO,99.870000,99.890000,326,308
2025-09-03T09:30:11.270000,DEMO,99.880000,99.900000,327,311
2025-09-03T09:30:11.280000,DEMO,99.880000,99.900000,328,314
2025-09-03T09:30:11.290000,DEMO,99.880000,99.900000,329,317
2025-09-03T09:30:11.300000,DEMO,99.880000,99.900000,330,320
2025-09-03T09:30:11.310000,DEMO,99.860000,99.880000,331,323
2025-09-03T09:30:11.320000,DEMO,99.860000,99.880000,332,326
2025-09-03T09:30:11.330000,DEMO,99.860000,99.880000,333,329
2025-09-03T09:30:11.340000,DEMO,99.870000,99.890000,334,282
2025-09-03T09:30:11.350000,DEMO,99.870000,99.890000,335,285
2025-09-03T09:30:11.360000,DEMO,99.870000,99.890000,336,288
2025-09-03T09:30:11.370000,DEMO,99.870000,99.890000,337,291
2025-09-03T09:30:11.380000,DEMO,99.870000,99.890000,338,294
2025-09-03T09:30:11.390000,DEMO,99.870000,99.890000,339,297
2025-09-03T09:30:11.400000,DEMO,99.870000,99.890000,340,300
2025-09-03T09:30:11.410000,DEMO,99.880000,99.900000,341,303
2025-09-03T09:30:11.420000,DEMO,99.880000,99.900000,342,306
2025-09-03T09:30:11.430000,DEMO,99.880000,99.900000,343,309
2025-09-03T09:30:11.440000,DEMO,99.860000,99.880000,344,312
2025-09-03T09:30:11.450000,DEMO,99.860000,99.880000,345,315
2025-09-03T09:30:11.460000,DEMO,99.860000,99.880000,346,318
2025-09-03T09:30:11.470000,DEMO,99.860000,99.880000,347,321
2025-09-03T09:30:11.480000,DEMO,99.870000,99.890000,348,324
2025-09-03T09:30:11.490000,DEMO,99.870000,99.890000,349,327
2025-09-03T09:30:11.500000,DEMO,99.870000,99.890000,300,280
2025-09-03T09:30:11.510000,DEMO,99.870000,99.890000,301,283
2025-09-03T09:30:11.520000,DEMO,99.870000,99.890000,302,286
2025-09-03T09:30:11.530000,DEMO,99.870000,99.890000,303,289
2025-09-03T09:30:11.540000,DEMO,99.870000,99.890000,304,292
2025-09-03T09:30:11.550000,DEMO,99.880000,99.900000,305,295
2025-09-03T09:30:11.560000,DEMO,99.880000,99.900000,306,298
2025-09-03T09:30:11.570000,DEMO,99.860000,99.880000,307,301
2025-09-03T09:30:11.580000,DEMO,99.860000,99.880000,308,304
2025-09-03T09:30:11.590000,DEMO,99.860000,99.880000,309,307
2025-09-03T09:30:11.600000,DEMO,99.860000,99.880000,310,310
2025-09-03T09:30:11.610000,DEMO,99.860000,99.880000,311,313
2025-09-03T09:30:11.620000,DEMO,99.870000,99.890000,312,316
2025-09-03T09:30:11.630000,DEMO,99.870000,99.890000,313,319
2025-09-03T09:30:11.640000,DEMO,99.870000,99.890000,314,322
2025-09-03T09:30:11.650000,DEMO,99.870000,99.890000,315,325
2025-09-03T09:30:11.660000,DEMO,99.870000,99.890000,316,328
2025-09-03T09:30:11.670000,DEMO,99.870000,99.890000,317,281
2025-09-03T09:30:11.680000,DEMO,99.870000,99.890000,318,284
2025-09-03T09:30:11.690000,DEMO,99.880000,99.900000,319,287
2025-09-03T09:30:11.700000,DEMO,99.860000,99.880000,320,290
2025-09-03T09:30:11.710000,DEMO,99.860000,99.880000,321,293
2025-09-03T09:30:11.720000,DEMO,99.860000,99.880000,322,296
2025-09-03T09:30:11.730000,DEMO,99.860000,99.880000,323,299
2025-09-03T09:30:11.740000,DEMO,99.860000,99.880000,324,302
2025-09-03T09:30:11.750000,DEMO,99.860000,99.880000,325,305
2025-09-03T09:30:11.760000,DEMO,99.870000,99.890000,326,308
2025-09-03T09:30:11.770000,DEMO,99.870000,99.890000,327,311
2025-09-03T09:30:11.780000,DEMO,99.870000,99.890000,328,314
2025-09-03T09:30:11.790000,DEMO,99.870000,99.890000,329,317
2025-09-03T09:30:11.800000,DEMO,99.870000,99.890000,330,320
2025-09-03T09:30:11.810000,DEMO,99.870000,99.890000,331,323
2025-09-03T09:30:11.820000,DEMO,99.870000,99.890000,332,326
2025-09-03T09:30:11.830000,DEMO,99.860000,99.880000,333,329
2025-09-03T09:30:11.840000,DEMO,99.860000,99.880000,334,282
2025-09-03T09:30:11.850000,DEMO,99.860000,99.880000,335,285
2025-09-03T09:30:11.860000,DEMO,99.860000,99.880000,336,288
2025-09-03T09:30:11.870000,DEMO,99.860000,99.880000,337,291
2025-09-03T09:30:11.880000,DEMO,99.860000,99.880000,338,294
2025-09-03T09:30:11.890000,DEMO,99.860000,99.880000,339,297
2025-09-03T09:30:11.900000,DEMO,99.870000,99.890000,340,300
2025-09-03T09:30:11.910000,DEMO,99.870000,99.890000,341,303
2025-09-03T09:30:11.920000,DEMO,99.870000,99.890000,342,306
2025-09-03T09:30:11.930000,DEMO,99.870000,99.890000,343,309
2025-09-03T09:30:11.940000,DEMO,99.870000,99.890000,344,312
2025-09-03T09:30:11.950000,DEMO,99.870000,99.890000,345,315
2025-09-03T09:30:11.960000,DEMO,99.850000,99.870000,346,318
2025-09-03T09:30:11.970000,DEMO,99.860000,99.880000,347,321
2025-09-03T09:30:11.980000,DEMO,99.860000,99.880000,348,324
2025-09-03T09:30:11.990000,DEMO,99.860000,99.880000,349,327
2025-09-03T09:30:12,DEMO,99.860000,99.880000,300,280
2025-09-03T09:30:12.010000,DEMO,99.860000,99.880000,301,283
2025-09-03T09:30:12.020000,DEMO,99.860000,99.880000,302,286
2025-09-03T09:30:12.030000,DEMO,99.860000,99.880000,303,289
2025-09-03T09:30:12.040000,DEMO,99.870000,99.890000,304,292
2025-09-03T09:30:12.050000,DEMO,99.870000,99.890000,305,295
2025-09-03T09:30:12.060000,DEMO,99.870000,99.890000,306,298
2025-09-03T09:30:12.070000,DEMO,99.870000,99.890000,307,301
2025-09-03T09:30:12.080000,DEMO,99.870000,99.890000,308,304
2025-09-03T09:30:12.090000,DEMO,99.850000,99.870000,309,307
2025-09-03T09:30:12.100000,DEMO,99.850000,99.870000,310,310
2025-09-03T09:30:12.110000,DEMO,99.860000,99.880000,311,313
2025-09-03T09:30:12.120000,DEMO,99.860000,99.880000,312,316
2025-09-03T09:30:12.130000,DEMO,99.860000,99.880000,313,319
2025-09-03T09:30:12.140000,DEMO,99.860000,99.880000,314,322
2025-09-03T09:30:12.150000,DEMO,99.860000,99.880000,315,325
2025-09-03T09:30:12.160000,DEMO,99.860000,99.880000,316,328
2025-09-03T09:30:12.170000,DEMO,99.860000,99.880000,317,281
2025-09-03T09:30:12.180000,DEMO,99.870000,99.890000,318,284
2025-09-03T09:30:12.190000,DEMO,99.870000,99.890000,319,287
2025-09-03T09:30:12.200000,DEMO,99.870000,99.890000,320,290
2025-09-03T09:30:12.210000,DEMO,99.870000,99.890000,321,293
2025-09-03T09:30:12.220000,DEMO,99.850000,99.870000,322,296
2025-09-03T09:30:12.230000,DEMO,99.850000,99.870000,323,299
2025-09-03T09:30:12.240000,DEMO,99.850000,99.870000,324,302
2025-09-03T09:30:12.250000,DEMO,99.860000,99.880000,325,305
2025-09-03T09:30:12.260000,DEMO,99.860000,99.880000,326,308
2025-09-03T09:30:12.270000,DEMO,99.860000,99.880000,327,311
2025-09-03T09:30:12.280000,DEMO,99.860000,99.880000,328,314
2025-09-03T09:30:12.290000,DEMO,99.860000,99.880000,329,317
2025-09-03T09:30:12.300000,DEMO,99.860000,99.880000,330,320
2025-09-03T09:30:12.310000,DEMO,99.860000,99.880000,331,323
2025-09-03T09:30:12.320000,DEMO,99.870000,99.890000,332,326
2025-09-03T09:30:12.330000,DEMO,99.870000,99.890000,333,329
2025-09-03T09:30:12.340000,DEMO,99.870000,99.890000,334,282
2025-09-03T09:30:12.350000,DEMO,99.850000,99.870000,335,285
2025-09-03T09:30:12.360000,DEMO,99.850000,99.870000,336,288
2025-09-03T09:30:12.370000,DEMO,99.850000,99.870000,337,291
2025-09-03T09:30:12.380000,DEMO,99.850000,99.870000,338,294
2025-09-03T09:30:12.390000,DEMO,99.860000,99.880000,339,297
2025-09-03T09:30:12.400000,DEMO,99.860000,99.880000,340,300
2025-09-03T09:30:12.410000,DEMO,99.860000,99.880000,341,303
2025-09-03T09:30:12.420000,DEMO,99.860000,99.880000,342,306
2025-09-03T09:30:12.430000,DEMO,99.860000,99.880000,343,309
2025-09-03T09:30:12.440000,DEMO,99.860000,99.880000,344,312
2025-09-03T09:30:12.450000,DEMO,99.860000,99.880000,345,315
2025-09-03T09:30:12.460000,DEMO,99.870000,99.890000,346,318
2025-09-03T09:30:12.470000,DEMO,99.870000,99.890000,347,321
2025-09-03T09:30:12.480000,DEMO,99.850000,99.870000,348,324
2025-09-03T09:30:12.490000,DEMO,99.850000,99.870000,349,327
2025-09-03T09:30:12.500000,DEMO,99.850000,99.870000,300,280
2025-09-03T09:30:12.510000,DEMO,99.850000,99.870000,301,283
2025-09-03T09:30:12.520000,DEMO,99.850000,99.870000,302,286
2025-09-03T09:30:12.530000,DEMO,99.860000,99.880000,303,289
2025-09-03T09:30:12.540000,DEMO,99.860000,99.880000,304,292
2025-09-03T09:30:12.550000,DEMO,99.860000,99.880000,305,295
2025-09-03T09:30:12.560000,DEMO,99.860000,99.880000,306,298
2025-09-03T09:30:12.570000,DEMO,99.860000,99.880000,307,301
2025-09-03T09:30:12.580000,DEMO,99.860000,99.880000,308,304
2025-09-03T09:30:12.590000,DEMO,99.860000,99.880000,309,307
2025-09-03T09:30:12.600000,DEMO,99.870000,99.890000,310,310
2025-09-03T09:30:12.610000,DEMO,99.850000,99.870000,311,313
2025-09-03T09:30:12.620000,DEMO,99.850000,99.870000,312,316
2025-09-03T09:30:12.630000,DEMO,99.850000,99.870000,313,319
2025-09-03T09:30:12.640000,DEMO,99.850000,99.870000,314,322
2025-09-03T09:30:12.650000,DEMO,99.850000,99.870000,315,325
2025-09-03T09:30:12.660000,DEMO,99.850000,99.870000,316,328
2025-09-03T09:30:12.670000,DEMO,99.860000,99.880000,317,281
2025-09-03T09:30:12.680000,DEMO,99.860000,99.880000,318,284
2025-09-03T09:30:12.690000,DEMO,99.860000,99.880000,319,287
2025-09-03T09:30:12.700000,DEMO,99.860000,99.880000,320,290
2025-09-03T09:30:12.710000,DEMO,99.860000,99.880000,321,293
2025-09-03T09:30:12.720000,DEMO,99.860000,99.880000,322,296
2025-09-03T09:30:12.730000,DEMO,99.860000,99.880000,323,299
2025-09-03T09:30:12.740000,DEMO,99.850000,99.870000,324,302
2025-09-03T09:30:12.750000,DEMO,99.850000,99.870000,325,305
2025-09-03T09:30:12.760000,DEMO,99.850000,99.870000,326,308
2025-09-03T09:30:12.770000,DEMO,99.850000,99.870000,327,311
2025-09-03T09:30:12.780000,DEMO,99.850000,99.870000,328,314
2025-09-03T09:30:12.790000,DEMO,99.850000,99.870000,329,317
2025-09-03T09:30:12.800000,DEMO,99.850000,99.870000,330,320
2025-09-03T09:30:12.810000,DEMO,99.860000,99.880000,331,323
2025-09-03T09:30:12.820000,DEMO,99.860000,99.880000,332,326
2025-09-03T09:30:12.830000,DEMO,99.860000,99.880000,333,329
2025-09-03T09:30:12.840000,DEMO,99.860000,99.880000,334,282
2025-09-03T09:30:12.850000,DEMO,99.860000,99.880000,335,285
2025-09-03T09:30:12.860000,DEMO,99.860000,99.880000,336,288
2025-09-03T09:30:12.870000,DEMO,99.840000,99.860000,337,291
2025-09-03T09:30:12.880000,DEMO,99.850000,99.870000,338,294
2025-09-03T09:30:12.890000,DEMO,99.850000,99.870000,339,297
2025-09-03T09:30:12.900000,DEMO,99.850000,99.870000,340,300
2025-09-03T09:30:12.910000,DEMO,99.850000,99.870000,341,303
2025-09-03T09:30:12.920000,DEMO,99.850000,99.870000,342,306
2025-09-03T09:30:12.930000,DEMO,99.850000,99.870000,343,309
2025-09-03T09:30:12.940000,DEMO,99.850000,99.870000,344,312
2025-09-03T09:30:12.950000,DEMO,99.860000,99.880000,345,315
2025-09-03T09:30:12.960000,DEMO,99.860000,99.880000,346,318
2025-09-03T09:30:12.970000,DEMO,99.860000,99.880000,347,321
2025-09-03T09:30:12.980000,DEMO,99.860000,99.880000,348,324
2025-09-03T09:30:12.990000,DEMO,99.860000,99.880000,349,327
2025-09-03T09:30:13,DEMO,99.840000,99.860000,300,280
2025-09-03T09:30:13.010000,DEMO,99.840000,99.860000,301,283
2025-09-03T09:30:13.020000,DEMO,99.850000,99.870000,302,286
2025-09-03T09:30:13.030000,DEMO,99.850000,99.870000,303,289
2025-09-03T09:30:13.040000,DEMO,99.850000,99.870000,304,292
2025-09-03T09:30:13.050000,DEMO,99.850000,99.870000,305,295
2025-09-03T09:30:13.060000,DEMO,99.850000,99.870000,306,298
2025-09-03T09:30:13.070000,DEMO,99.850000,99.870000,307,301
2025-09-03T09:30:13.080000,DEMO,99.850000,99.870000,308,304
2025-09-03T09:30:13.090000,DEMO,99.860000,99.880000,309,307
2025-09-03T09:30:13.100000,DEMO,99.860000,99.880000,310,310
2025-09-03T09:30:13.110000,DEMO,99.860000,99.880000,311,313
2025-09-03T09:30:13.120000,DEMO,99.860000,99.880000,312,316
2025-09-03T09:30:13.130000,DEMO,99.840000,99.860000,313,319
2025-09-03T09:30:13.140000,DEMO,99.840000,99.860000,314,322
2025-09-03T09:30:13.150000,DEMO,99.840000,99.860000,315,325
2025-09-03T09:30:13.160000,DEMO,99.850000,99.870000,316,328
2025-09-03T09:30:13.170000,DEMO,99.850000,99.870000,317,281
2025-09-03T09:30:13.180000,DEMO,99.850000,99.870000,318,284
2025-09-03T09:30:13.190000,DEMO,99.850000,99.870000,319,287
2025-09-03T09:30:13.200000,DEMO,99.850000,99.870000,320,290
2025-09-03T09:30:13.210000,DEMO,99.850000,99.870000,321,293
2025-09-03T09:30:13.220000,DEMO,99.850000,99.870000,322,296
2025-09-03T09:30:13.230000,DEMO,99.860000,99.880000,323,299
2025-09-03T09:30:13.240000,DEMO,99.860000,99.880000,324,302
2025-09-03T09:30:13.250000,DEMO,99.860000,99.880000,325,305
2025-09-03T09:30:13.260000,DEMO,99.840000,99.860000,326,308
2025-09-03T09:30:13.270000,DEMO,99.840000,99.860000,327,311
2025-09-03T09:30:13.280000,DEMO,99.840000,99.860000,328,314
2025-09-03T09:30:13.290000,DEMO,99.840000,99.860000,329,317
2025-09-03T09:30:13.300000,DEMO,99.850000,99.870000,330,320
2025-09-03T09:30:13.310000,DEMO,99.850000,99.870000,331,323
2025-09-03T09:30:13.320000,DEMO,99.850000,99.870000,332,326
2025-09-03T09:30:13.330000,DEMO,99.850000,99.870000,333,329
2025-09-03T09:30:13.340000,DEMO,99.850000,99.870000,334,282
2025-09-03T09:30:13.350000,DEMO,99.850000,99.870000,335,285
2025-09-03T09:30:13.360000,DEMO,99.850000,99.870000,336,288
2025-09-03T09:30:13.370000,DEMO,99.860000,99.880000,337,291
2025-09-03T09:30:13.380000,DEMO,99.860000,99.880000,338,294
2025-09-03T09:30:13.390000,DEMO,99.840000,99.860000,339,297
2025-09-03T09:30:13.400000,DEMO,99.840000,99.860000,340,300
2025-09-03T09:30:13.410000,DEMO,99.840000,99.860000,341,303
2025-09-03T09:30:13.420000,DEMO,99.840000,99.860000,342,306
2025-09-03T09:30:13.430000,DEMO,99.840000,99.860000,343,309
2025-09-03T09:30:13.440000,DEMO,99.850000,99.870000,344,312
2025-09-03T09:30:13.450000,DEMO,99.850000,99.870000,345,315
2025-09-03T09:30:13.460000,DEMO,99.850000,99.870000,346,318
2025-09-03T09:30:13.470000,DEMO,99.850000,99.870000,347,321
2025-09-03T09:30:13.480000,DEMO,99.850000,99.870000,348,324
2025-09-03T09:30:13.490000,DEMO,99.850000,99.870000,349,327
2025-09-03T09:30:13.500000,DEMO,99.850000,99.870000,300,280
2025-09-03T09:30:13.510000,DEMO,99.860000,99.880000,301,283
2025-09-03T09:30:13.520000,DEMO,99.840000,99.860000,302,286
2025-09-03T09:30:13.530000,DEMO,99.840000,99.860000,303,289
2025-09-03T09:30:13.540000,DEMO,99.840000,99.860000,304,292
2025-09-03T09:30:13.550000,DEMO,99.840000,99.860000,305,295
2025-09-03T09:30:13.560000,DEMO,99.840000,99.860000,306,298
2025-09-03T09:30:13.570000,DEMO,99.840000,99.860000,307,301
2025-09-03T09:30:13.580000,DEMO,99.850000,99.870000,308,304
2025-09-03T09:30:13.590000,DEMO,99.850000,99.870000,309,307
2025-09-03T09:30:13.600000,DEMO,99.850000,99.870000,310,310
2025-09-03T09:30:13.610000,DEMO,99.850000,99.870000,311,313
2025-09-03T09:30:13.620000,DEMO,99.850000,99.870000,312,316
2025-09-03T09:30:13.630000,DEMO,99.850000,99.870000,313,319
2025-09-03T09:30:13.640000,DEMO,99.850000,99.870000,314,322
2025-09-03T09:30:13.650000,DEMO,99.840000,99.860000,315,325
2025-09-03T09:30:13.660000,DEMO,99.840000,99.860000,316,328
2025-09-03T09:30:13.670000,DEMO,99.840000,99.860000,317,281
2025-09-03T09:30:13.680000,DEMO,99.840000,99.860000,318,284
2025-09-03T09:30:13.690000,DEMO,99.840000,99.860000,319,287
2025-09-03T09:30:13.700000,DEMO,99.840000,99.860000,320,290
2025-09-03T09:30:13.710000,DEMO,99.840000,99.860000,321,293
2025-09-03T09:30:13.720000,DEMO,99.850000,99.870000,322,296
2025-09-03T09:30:13.730000,DEMO,99.850000,99.870000,323,299
2025-09-03T09:30:13.740000,DEMO,99.850000,99.870000,324,302
2025-09-03T09:30:13.750000,DEMO,99.850000,99.870000,325,305
2025-09-03T09:30:13.760000,DEMO,99.850000,99.870000,326,308
2025-09-03T09:30:13.770000,DEMO,99.850000,99.870000,327,311
2025-09-03T09:30:13.780000,DEMO,99.830000,99.850000,328,314
2025-09-03T09:30:13.790000,DEMO,99.840000,99.860000,329,317
2025-09-03T09:30:13.800000,DEMO,99.840000,99.860000,330,320
2025-09-03T09:30:13.810000,DEMO,99.840000,99.860000,331,323
2025-09-03T09:30:13.820000,DEMO,99.840000,99.860000,332,326
2025-09-03T09:30:13.830000,DEMO,99.840000,99.860000,333,329
2025-09-03T09:30:13.840000,DEMO,99.840000,99.860000,334,282
2025-09-03T09:30:13.850000,DEMO,99.840000,99.860000,335,285
2025-09-03T09:30:13.860000,DEMO,99.850000,99.870000,336,288
2025-09-03T09:30:13.870000,DEMO,99.850000,99.870000,337,291
2025-09-03T09:30:13.880000,DEMO,99.850000,99.870000,338,294
2025-09-03T09:30:13.890000,DEMO,99.850000,99.870000,339,297
2025-09-03T09:30:13.900000,DEMO,99.850000,99.870000,340,300
2025-09-03T09:30:13.910000,DEMO,99.830000,99.850000,341,303
2025-09-03T09:30:13.920000,DEMO,99.830000,99.850000,342,306
2025-09-03T09:30:13.930000,DEMO,99.840000,99.860000,343,309
2025-09-03T09:30:13.940000,DEMO,99.840000,99.860000,344,312
2025-09-03T09:30:13.950000,DEMO,99.840000,99.860000,345,315
2025-09-03T09:30:13.960000,DEMO,99.840000,99.860000,346,318
2025-09-03T09:30:13.970000,DEMO,99.840000,99.860000,347,321
2025-09-03T09:30:13.980000,DEMO,99.840000,99.860000,348,324
2025-09-03T09:30:13.990000,DEMO,99.840000,99.860000,349,327
2025-09-03T09:30:14,DEMO,99.850000,99.870000,300,280
2025-09-03T09:30:14.010000,DEMO,99.850000,99.870000,301,283
2025-09-03T09:30:14.020000,DEMO,99.850000,99.870000,302,286
2025-09-03T09:30:14.030000,DEMO,99.850000,99.870000,303,289
2025-09-03T09:30:14.040000,DEMO,99.830000,99.850000,304,292
2025-09-03T09:30:14.050000,DEMO,99.830000,99.850000,305,295
2025-09-03T09:30:14.060000,DEMO,99.830000,99.850000,306,298
2025-09-03T09:30:14.070000,DEMO,99.840000,99.860000,307,301
2025-09-03T09:30:14.080000,DEMO,99.840000,99.860000,308,304
2025-09-03T09:30:14.090000,DEMO,99.840000,99.860000,309,307
2025-09-03T09:30:14.100000,DEMO,99.840000,99.860000,310,310
2025-09-03T09:30:14.110000,DEMO,99.840000,99.860000,311,313
2025-09-03T09:30:14.120000,DEMO,99.840000,99.860000,312,316
2025-09-03T09:30:14.130000,DEMO,99.840000,99.860000,313,319
2025-09-03T09:30:14.140000,DEMO,99.850000,99.870000,314,322
2025-09-03T09:30:14.150000,DEMO,99.850000,99.870000,315,325
2025-09-03T09:30:14.160000,DEMO,99.850000,99.870000,316,328
2025-09-03T09:30:14.170000,DEMO,99.830000,99.850000,317,281
2025-09-03T09:30:14.180000,DEMO,99.830000,99.850000,318,284
2025-09-03T09:30:14.190000,DEMO,99.830000,99.850000,319,287
2025-09-03T09:30:14.200000,DEMO,99.830000,99.850000,320,290
2025-09-03T09:30:14.210000,DEMO,99.840000,99.860000,321,293
2025-09-03T09:30:14.220000,DEMO,99.840000,99.860000,322,296
2025-09-03T09:30:14.230000,DEMO,99.840000,99.860000,323,299
2025-09-03T09:30:14.240000,DEMO,99.840000,99.860000,324,302
2025-09-03T09:30:14.250000,DEMO,99.840000,99.860000,325,305
2025-09-03T09:30:14.260000,DEMO,99.840000,99.860000,326,308
2025-09-03T09:30:14.270000,DEMO,99.840000,99.860000,327,311
2025-09-03T09:30:14.280000,DEMO,99.850000,99.870000,328,314
2025-09-03T09:30:14.290000,DEMO,99.850000,99.870000,329,317
2025-09-03T09:30:14.300000,DEMO,99.830000,99.850000,330,320
2025-09-03T09:30:14.310000,DEMO,99.830000,99.850000,331,323
2025-09-03T09:30:14.320000,DEMO,99.830000,99.850000,332,326
2025-09-03T09:30:14.330000,DEMO,99.830000,99.850000,333,329
2025-09-03T09:30:14.340000,DEMO,99.830000,99.850000,334,282
2025-09-03T09:30:14.350000,DEMO,99.840000,99.860000,335,285
2025-09-03T09:30:14.360000,DEMO,99.840000,99.860000,336,288
2025-09-03T09:30:14.370000,DEMO,99.840000,99.860000,337,291
2025-09-03T09:30:14.380000,DEMO,99.840000,99.860000,338,294
2025-09-03T09:30:14.390000,DEMO,99.840000,99.860000,339,297
2025-09-03T09:30:14.400000,DEMO,99.840000,99.860000,340,300
2025-09-03T09:30:14.410000,DEMO,99.840000,99.860000,341,303
2025-09-03T09:30:14.420000,DEMO,99.850000,99.870000,342,306
2025-09-03T09:30:14.430000,DEMO,99.830000,99.850000,343,309
2025-09-03T09:30:14.440000,DEMO,99.830000,99.850000,344,312
2025-09-03T09:30:14.450000,DEMO,99.830000,99.850000,345,315
2025-09-03T09:30:14.460000,DEMO,99.830000,99.850000,346,318
2025-09-03T09:30:14.470000,DEMO,99.830000,99.850000,347,321
2025-09-03T09:30:14.480000,DEMO,99.830000,99.850000,348,324
2025-09-03T09:30:14.490000,DEMO,99.840000,99.860000,349,327
2025-09-03T09:30:14.500000,DEMO,99.840000,99.860000,300,280
2025-09-03T09:30:14.510000,DEMO,99.840000,99.860000,301,283
2025-09-03T09:30:14.520000,DEMO,99.840000,99.860000,302,286
2025-09-03T09:30:14.530000,DEMO,99.840000,99.860000,303,289
2025-09-03T09:30:14.540000,DEMO,99.840000,99.860000,304,292
2025-09-03T09:30:14.550000,DEMO,99.840000,99.860000,305,295
2025-09-03T09:30:14.560000,DEMO,99.830000,99.850000,306,298
2025-09-03T09:30:14.570000,DEMO,99.830000,99.850000,307,301
2025-09-03T09:30:14.580000,DEMO,99.830000,99.850000,308,304
2025-09-03T09:30:14.590000,DEMO,99.830000,99.850000,309,307
2025-09-03T09:30:14.600000,DEMO,99.830000,99.850000,310,310
2025-09-03T09:30:14.610000,DEMO,99.830000,99.850000,311,313
2025-09-03T09:30:14.620000,DEMO,99.830000,99.850000,312,316
2025-09-03T09:30:14.630000,DEMO,99.840000,99.860000,313,319
2025-09-03T09:30:14.640000,DEMO,99.840000,99.860000,314,322
2025-09-03T09:30:14.650000,DEMO,99.840000,99.860000,315,325
2025-09-03T09:30:14.660000,DEMO,99.840000,99.860000,316,328
2025-09-03T09:30:14.670000,DEMO,99.840000,99.860000,317,281
2025-09-03T09:30:14.680000,DEMO,99.840000,99.860000,318,284
2025-09-03T09:30:14.690000,DEMO,99.820000,99.840000,319,287
2025-09-03T09:30:14.700000,DEMO,99.830000,99.850000,320,290
2025-09-03T09:30:14.710000,DEMO,99.830000,99.850000,321,293
2025-09-03T09:30:14.720000,DEMO,99.830000,99.850000,322,296
2025-09-03T09:30:14.730000,DEMO,99.830000,99.850000,323,299
2025-09-03T09:30:14.740000,DEMO,99.830000,99.850000,324,302
2025-09-03T09:30:14.750000,DEMO,99.830000,99.850000,325,305
2025-09-03T09:30:14.760000,DEMO,99.830000,99.850000,326,308
2025-09-03T09:30:14.770000,DEMO,99.840000,99.860000,327,311
2025-09-03T09:30:14.780000,DEMO,99.840000,99.860000,328,314
2025-09-03T09:30:14.790000,DEMO,99.840000,99.860000,329,317
2025-09-03T09:30:14.800000,DEMO,99.840000,99.860000,330,320
2025-09-03T09:30:14.810000,DEMO,99.840000,99.860000,331,323
2025-09-03T09:30:14.820000,DEMO,99.820000,99.840000,332,326
2025-09-03T09:30:14.830000,DEMO,99.820000,99.840000,333,329
2025-09-03T09:30:14.840000,DEMO,99.830000,99.850000,334,282
2025-09-03T09:30:14.850000,DEMO,99.830000,99.850000,335,285
2025-09-03T09:30:14.860000,DEMO,99.830000,99.850000,336,288
2025-09-03T09:30:14.870000,DEMO,99.830000,99.850000,337,291
2025-09-03T09:30:14.880000,DEMO,99.830000,99.850000,338,294
2025-09-03T09:30:14.890000,DEMO,99.830000,99.850000,339,297
2025-09-03T09:30:14.900000,DEMO,99.830000,99.850000,340,300
2025-09-03T09:30:14.910000,DEMO,99.840000,99.860000,341,303
2025-09-03T09:30:14.920000,DEMO,99.840000,99.860000,342,306
2025-09-03T09:30:14.930000,DEMO,99.840000,99.860000,343,309
2025-09-03T09:30:14.940000,DEMO,99.840000,99.860000,344,312
2025-09-03T09:30:14.950000,DEMO,99.820000,99.840000,345,315
2025-09-03T09:30:14.960000,DEMO,99.820000,99.840000,346,318
2025-09-03T09:30:14.970000,DEMO,99.820000,99.840000,347,321
2025-09-03T09:30:14.980000,DEMO,99.830000,99.850000,348,324
2025-09-03T09:30:14.990000,DEMO,99.830000,99.850000,349,327
2025-09-03T09:30:15,DEMO,99.830000,99.850000,300,280
2025-09-03T09:30:15.010000,DEMO,99.830000,99.850000,301,283
2025-09-03T09:30:15.020000,DEMO,99.830000,99.850000,302,286
2025-09-03T09:30:15.030000,DEMO,99.830000,99.850000,303,289
2025-09-03T09:30:15.040000,DEMO,99.830000,99.850000,304,292
2025-09-03T09:30:15.050000,DEMO,99.840000,99.860000,305,295
2025-09-03T09:30:15.060000,DEMO,99.840000,99.860000,306,298
2025-09-03T09:30:15.070000,DEMO,99.840000,99.860000,307,301
2025-09-03T09:30:15.080000,DEMO,99.820000,99.840000,308,304
2025-09-03T09:30:15.090000,DEMO,99.820000,99.840000,309,307
2025-09-03T09:30:15.100000,DEMO,99.820000,99.840000,310,310
2025-09-03T09:30:15.110000,DEMO,99.820000,99.840000,311,313
2025-09-03T09:30:15.120000,DEMO,99.830000,99.850000,312,316
2025-09-03T09:30:15.130000,DEMO,99.830000,99.850000,313,319
2025-09-03T09:30:15.140000,DEMO,99.830000,99.850000,314,322
2025-09-03T09:30:15.150000,DEMO,99.830000,99.850000,315,325
2025-09-03T09:30:15.160000,DEMO,99.830000,99.850000,316,328
2025-09-03T09:30:15.170000,DEMO,99.830000,99.850000,317,281
2025-09-03T09:30:15.180000,DEMO,99.830000,99.850000,318,284
2025-09-03T09:30:15.190000,DEMO,99.840000,99.860000,319,287
2025-09-03T09:30:15.200000,DEMO,99.840000,99.860000,320,290
2025-09-03T09:30:15.210000,DEMO,99.820000,99.840000,321,293
2025-09-03T09:30:15.220000,DEMO,99.820000,99.840000,322,296
2025-09-03T09:30:15.230000,DEMO,99.820000,99.840000,323,299
2025-09-03T09:30:15.240000,DEMO,99.820000,99.840000,324,302
2025-09-03T09:30:15.250000,DEMO,99.820000,99.840000,325,305
2025-09-03T09:30:15.260000,DEMO,99.830000,99.850000,326,308
2025-09-03T09:30:15.270000,DEMO,99.830000,99.850000,327,311
2025-09-03T09:30:15.280000,DEMO,99.830000,99.850000,328,314
2025-09-03T09:30:15.290000,DEMO,99.830000,99.850000,329,317
2025-09-03T09:30:15.300000,DEMO,99.830000,99.850000,330,320
2025-09-03T09:30:15.310000,DEMO,99.830000,99.850000,331,323
2025-09-03T09:30:15.320000,DEMO,99.830000,99.850000,332,326
2025-09-03T09:30:15.330000,DEMO,99.840000,99.860000,333,329
2025-09-03T09:30:15.340000,DEMO,99.820000,99.840000,334,282
2025-09-03T09:30:15.350000,DEMO,99.820000,99.840000,335,285
2025-09-03T09:30:15.360000,DEMO,99.820000,99.840000,336,288
2025-09-03T09:30:15.370000,DEMO,99.820000,99.840000,337,291
2025-09-03T09:30:15.380000,DEMO,99.820000,99.840000,338,294
2025-09-03T09:30:15.390000,DEMO,99.820000,99.840000,339,297
2025-09-03T09:30:15.400000,DEMO,99.830000,99.850000,340,300
2025-09-03T09:30:15.410000,DEMO,99.830000,99.850000,341,303
2025-09-03T09:30:15.420000,DEMO,99.830000,99.850000,342,306
2025-09-03T09:30:15.430000,DEMO,99.830000,99.850000,343,309
2025-09-03T09:30:15.440000,DEMO,99.830000,99.850000,344,312
2025-09-03T09:30:15.450000,DEMO,99.830000,99.850000,345,315
2025-09-03T09:30:15.460000,DEMO,99.830000,99.850000,346,318
2025-09-03T09:30:15.470000,DEMO,99.820000,99.840000,347,321
2025-09-03T09:30:15.480000,DEMO,99.820000,99.840000,348,324
2025-09-03T09:30:15.490000,DEMO,99.820000,99.840000,349,327
2025-09-03T09:30:15.500000,DEMO,99.820000,99.840000,300,280
2025-09-03T09:30:15.510000,DEMO,99.820000,99.840000,301,283
2025-09-03T09:30:15.520000,DEMO,99.820000,99.840000,302,286
2025-09-03T09:30:15.530000,DEMO,99.820000,99.840000,303,289
2025-09-03T09:30:15.540000,DEMO,99.830000,99.850000,304,292
2025-09-03T09:30:15.550000,DEMO,99.830000,99.850000,305,295
2025-09-03T09:30:15.560000,DEMO,99.830000,99.850000,306,298
2025-09-03T09:30:15.570000,DEMO,99.830000,99.850000,307,301
2025-09-03T09:30:15.580000,DEMO,99.830000,99.850000,308,304
2025-09-03T09:30:15.590000,DEMO,99.830000,99.850000,309,307
2025-09-03T09:30:15.600000,DEMO,99.810000,99.830000,310,310
2025-09-03T09:30:15.610000,DEMO,99.820000,99.840000,311,313
2025-09-03T09:30:15.620000,DEMO,99.820000,99.840000,312,316
2025-09-03T09:30:15.630000,DEMO,99.820000,99.840000,313,319
2025-09-03T09:30:15.640000,DEMO,99.820000,99.840000,314,322
2025-09-03T09:30:15.650000,DEMO,99.820000,99.840000,315,325
2025-09-03T09:30:15.660000,DEMO,99.820000,99.840000,316,328
2025-09-03T09:30:15.670000,DEMO,99.820000,99.840000,317,281
2025-09-03T09:30:15.680000,DEMO,99.830000,99.850000,318,284
2025-09-03T09:30:15.690000,DEMO,99.830000,99.850000,319,287
2025-09-03T09:30:15.700000,DEMO,99.830000,99.850000,320,290
2025-09-03T09:30:15.710000,DEMO,99.830000,99.850000,321,293
2025-09-03T09:30:15.720000,DEMO,99.830000,99.850000,322,296
2025-09-03T09:30:15.730000,DEMO,99.810000,99.830000,323,299
2025-09-03T09:30:15.740000,DEMO,99.810000,99.830000,324,302
2025-09-03T09:30:15.750000,DEMO,99.820000,99.840000,325,305
2025-09-03T09:30:15.760000,DEMO,99.820000,99.840000,326,308
2025-09-03T09:30:15.770000,DEMO,99.820000,99.840000,327,311
2025-09-03T09:30:15.780000,DEMO,99.820000,99.840000,328,314
2025-09-03T09:30:15.790000,DEMO,99.820000,99.840000,329,317
2025-09-03T09:30:15.800000,DEMO,99.820000,99.840000,330,320
2025-09-03T09:30:15.810000,DEMO,99.820000,99.840000,331,323
2025-09-03T09:30:15.820000,DEMO,99.830000,99.850000,332,326
2025-09-03T09:30:15.830000,DEMO,99.830000,99.850000,333,329
2025-09-03T09:30:15.840000,DEMO,99.830000,99.850000,334,282
2025-09-03T09:30:15.850000,DEMO,99.830000,99.850000,335,285
2025-09-03T09:30:15.860000,DEMO,99.810000,99.830000,336,288
2025-09-03T09:30:15.870000,DEMO,99.810000,99.830000,337,291
2025-09-03T09:30:15.880000,DEMO,99.810000,99.830000,338,294
2025-09-03T09:30:15.890000,DEMO,99.820000,99.840000,339,297
2025-09-03T09:30:15.900000,DEMO,99.820000,99.840000,340,300
2025-09-03T09:30:15.910000,DEMO,99.820000,99.840000,341,303
2025-09-03T09:30:15.920000,DEMO,99.820000,99.840000,342,306
2025-09-03T09:30:15.930000,DEMO,99.820000,99.840000,343,309
2025-09-03T09:30:15.940000,DEMO,99.820000,99.840000,344,312
2025-09-03T09:30:15.950000,DEMO,99.820000,99.840000,345,315
2025-09-03T09:30:15.960000,DEMO,99.830000,99.850000,346,318
2025-09-03T09:30:15.970000,DEMO,99.830000,99.850000,347,321
2025-09-03T09:30:15.980000,DEMO,99.830000,99.850000,348,324
2025-09-03T09:30:15.990000,DEMO,99.810000,99.830000,349,327
2025-09-03T09:30:16,DEMO,99.810000,99.830000,300,280
2025-09-03T09:30:16.010000,DEMO,99.810000,99.830000,301,283
2025-09-03T09:30:16.020000,DEMO,99.810000,99.830000,302,286
2025-09-03T09:30:16.030000,DEMO,99.820000,99.840000,303,289
2025-09-03T09:30:16.040000,DEMO,99.820000,99.840000,304,292
2025-09-03T09:30:16.050000,DEMO,99.820000,99.840000,305,295
2025-09-03T09:30:16.060000,DEMO,99.820000,99.840000,306,298
2025-09-03T09:30:16.070000,DEMO,99.820000,99.840000,307,301
2025-09-03T09:30:16.080000,DEMO,99.820000,99.840000,308,304
2025-09-03T09:30:16.090000,DEMO,99.820000,99.840000,309,307
2025-09-03T09:30:16.100000,DEMO,99.830000,99.850000,310,310
2025-09-03T09:30:16.110000,DEMO,99.830000,99.850000,311,313
2025-09-03T09:30:16.120000,DEMO,99.810000,99.830000,312,316
2025-09-03T09:30:16.130000,DEMO,99.810000,99.830000,313,319
2025-09-03T09:30:16.140000,DEMO,99.810000,99.830000,314,322
2025-09-03T09:30:16.150000,DEMO,99.810000,99.830000,315,325
2025-09-03T09:30:16.160000,DEMO,99.810000,99.830000,316,328
2025-09-03T09:30:16.170000,DEMO,99.820000,99.840000,317,281
2025-09-03T09:30:16.180000,DEMO,99.820000,99.840000,318,284
2025-09-03T09:30:16.190000,DEMO,99.820000,99.840000,319,287
2025-09-03T09:30:16.200000,DEMO,99.820000,99.840000,320,290
2025-09-03T09:30:16.210000,DEMO,99.820000,99.840000,321,293
2025-09-03T09:30:16.220000,DEMO,99.820000,99.840000,322,296
2025-09-03T09:30:16.230000,DEMO,99.820000,99.840000,323,299
2025-09-03T09:30:16.240000,DEMO,99.830000,99.850000,324,302
2025-09-03T09:30:16.250000,DEMO,99.810000,99.830000,325,305
2025-09-03T09:30:16.260000,DEMO,99.810000,99.830000,326,308
2025-09-03T09:30:16.270000,DEMO,99.810000,99.830000,327,311
2025-09-03T09:30:16.280000,DEMO,99.810000,99.830000,328,314
2025-09-03T09:30:16.290000,DEMO,99.810000,99.830000,329,317
2025-09-03T09:30:16.300000,DEMO,99.810000,99.830000,330,320
2025-09-03T09:30:16.310000,DEMO,99.820000,99.840000,331,323
2025-09-03T09:30:16.320000,DEMO,99.820000,99.840000,332,326
2025-09-03T09:30:16.330000,DEMO,99.820000,99.840000,333,329
2025-09-03T09:30:16.340000,DEMO,99.820000,99.840000,334,282
2025-09-03T09:30:16.350000,DEMO,99.820000,99.840000,335,285
2025-09-03T09:30:16.360000,DEMO,99.820000,99.840000,336,288
2025-09-03T09:30:16.370000,DEMO,99.820000,99.840000,337,291
2025-09-03T09:30:16.380000,DEMO,99.810000,99.830000,338,294
2025-09-03T09:30:16.390000,DEMO,99.810000,99.830000,339,297
2025-09-03T09:30:16.400000,DEMO,99.810000,99.830000,340,300
2025-09-03T09:30:16.410000,DEMO,99.810000,99.830000,341,303
2025-09-03T09:30:16.420000,DEMO,99.810000,99.830000,342,306
2025-09-03T09:30:16.430000,DEMO,99.810000,99.830000,343,309
2025-09-03T09:30:16.440000,DEMO,99.810000,99.830000,344,312
2025-09-03T09:30:16.450000,DEMO,99.820000,99.840000,345,315
2025-09-03T09:30:16.460000,DEMO,99.820000,99.840000,346,318
2025-09-03T09:30:16.470000,DEMO,99.820000,99.840000,347,321
2025-09-03T09:30:16.480000,DEMO,99.820000,99.840000,348,324
2025-09-03T09:30:16.490000,DEMO,99.820000,99.840000,349,327
2025-09-03T09:30:16.500000,DEMO,99.820000,99.840000,300,280
2025-09-03T09:30:16.510000,DEMO,99.800000,99.820000,301,283
2025-09-03T09:30:16.520000,DEMO,99.810000,99.830000,302,286
2025-09-03T09:30:16.530000,DEMO,99.810000,99.830000,303,289
2025-09-03T09:30:16.540000,DEMO,99.810000,99.830000,304,292
2025-09-03T09:30:16.550000,DEMO,99.810000,99.830000,305,295
2025-09-03T09:30:16.560000,DEMO,99.810000,99.830000,306,298
2025-09-03T09:30:16.570000,DEMO,99.810000,99.830000,307,301
2025-09-03T09:30:16.580000,DEMO,99.810000,99.830000,308,304
2025-09-03T09:30:16.590000,DEMO,99.820000,99.840000,309,307
2025-09-03T09:30:16.600000,DEMO,99.820000,99.840000,310,310
2025-09-03T09:30:16.610000,DEMO,99.820000,99.840000,311,313
2025-09-03T09:30:16.620000,DEMO,99.820000,99.840000,312,316
2025-09-03T09:30:16.630000,DEMO,99.820000,99.840000,313,319
